4084 6367
254 368 325 438 tusa
875 353 1282 456 suuousrmenscoeu
1820 353 1895 420 em

254 493 334 548 uideo
347 485 445 560 qued
435 501 491 557 pam
511 485 559 552 sut,
575 496 720 554 rursusque
734 479 818 538 oculis
834 477 895 536 fidei
908 447 1047 536 vobiscum
1101 475 1169 533 bunt
1180 447 1206 532 et
1221 475 1247 530 in
1257 471 1394 546 jndicioet
1406 470 1442 544 pii
1456 471 1508 527 ει·
1499 469 1584 544 impii.
1597 469 1663 529 Cum
1680 471 1752 530 eaim
1762 450 1893 534 boneium

255 598 336 654 spero
350 598 401 653 qna
396 579 420 635 ul
437 579 555 633 buturum
569 583 620 631 εει.
637 572 705 643 Quid
716 589 808 646 ergo
791 571 890 628 luctum
905 571 968 628 esti
982 568 1047 642 quid
1099 576 1163 625 aute
1178 569 1270 625 oculos
1283 566 1475 638 discipulomm
1494 581 1602 623 suornm
1614 551 1746 622 terretur
1738 584 1765 622 m
1778 567 1892 636 coelum,

254 675 307 732 1111
328 673 389 746 quid
404 668 594 726 luturumestl
613 666 912 738 Christuspassnsest,
926 674 1048 721 mortuus
1101 661 1252 719 sonuituox
1269 660 1388 732 angelica
1403 658 1567 715 intuentibus
1577 673 1662 715 curo
1678 658 1760 717 «tin
1776 659 1891 730 Galilal,

255 775 307 832 εει,
322 783 365 824 ιε
367 765 468 822 ιιιιειιι
483 763 558 818 ιειιιι
573 759 637 828 dre
652 759 792 816 ascendut
786 777 812 815 m
826 760 945 826 coelum
958 767 989 814 ut
999 772 1049 814 uo·
1101 756 1164 826 quud
1176 754 1251 810 stans
1261 753 1395 810 intuentes
1408 771 1434 808 m
1448 752 1569 810 celrrml
1587 752 1639 808 iste
1650 750 1760 810 lesus
1739 769 1777 810 ειε
1790 755 1892 823 ιειιιει,

150 895 157 904 ·
254 876 353 928 ιιιιιιιε,
367 857 569 931 quadragesimo
581 853 776 921 due,sedetad
792 854 928 910 dexteram
942 851 1047 910 Patris:
1101 848 1307 920 quomodoeum
1318 845 1572 904 ndusnseuntemm
1585 847 1791 921 coelumrldct.
1804 849 1893 924 ι,11).

255 954 308 1010 lroc
319 955 373 1025 jam
388 952 484 1006 iactum
499 957 557 1015 εει,
572 947 685 1006 hocnon
696 945 822 1015 uidinms,
843 944 890 1002 ted
900 944 1047 1002 credimus.
1103 937 1149 994 Sic
1165 953 1244 1010 ergo,
1259 938 1313 1004 ιιι,
1336 938 1362 992 in
1375 937 1469 994 eadem
1489 937 1573 993 torma
1594 955 1602 994 ι
1622 939 1683 1010 quia
1702 938 1737 995 de
1748 936 1839 1011 impiis¹
1850 940 1894 999 di-

255 1046 323 1116 Quid
336 1060 407 1101 ιιιιιιε
421 1042 471 1100 iuti
491 1041 646 1098 llominatnr
660 1040 687 1096 in
703 1038 790 1096 medio
803 1035 972 1094 inimicorum
987 1049 1050 1091 suo·

254 1156 332 1204 rum,
351 1137 449 1194 emissa
468 1135 540 1206 uirga
560 1131 666 1189 virtutis
680 1131 738 1203 ejus
754 1130 883 1194 ousion:
900 1128 930 1184 lit
942 1128 1010 1195 lroc,
1021 1125 1050 1183 id

255 1235 350 1306 agitur.
373 1229 496 1284 Formam
521 1226 592 1282 serui
605 1226 614 1258 ¹
628 1234 655 1281 ει
674 1232 834 1296 praesentem
850 1230 913 1276 tunc
926 1221 1051 1276 uiderunt

256 1313 339 1388 serui,
354 1333 381 1378 ct
393 1321 531 1378 absentem
541 1333 614 1374 nurnc
627 1315 739 1372 credunt
750 1315 830 1372 servi.
846 1313 904 1370 lloc
915 1311 1050 1378 credimus

256 1417 290 1474 de
304 1417 386 1472 foruna
400 1413 488 1481 serui,
510 1410 579 1483 qnod
594 1424 736 1480 possumus
747 1422 863 1479 capere,
887 1407 951 1461 dum
964 1403 1051 1460 adbuc

256 1506 436 1565 sumusscrri.
452 1505 558 1561 llocest
571 1501 641 1558 enim
651 1500 716 1556 illud
729 1499 771 1556 lac
783 1498 965 1572 paruulorum,
979 1494 1051 1566 quod

257 1599 425 1670 temperavit,
439 1610 536 1668 panem
550 1593 684 1663 trajiciens
697 1607 745 1663 per
755 1605 874 1646 carnem.
895 1587 962 1644 Nam
975 1584 1051 1657 panis

257 1691 304 1748 ille
317 1689 492 1761 Angelorum,
507 1685 535 1740 in
551 1684 682 1757 principio
694 1691 752 1739 erat
764 1681 881 1738 Verbum
898 1688 946 1735 :ut
960 1687 1050 1735 tamen

256 1797 354 1855 ponem
376 1779 537 1851 Angelorum
563 1775 735 1831 manducaret
755 1770 933 1846 nonomen
949 1785 1049 1836 uxum,

255 1875 326 1947 ιδ),
340 1871 450 1928 (lucatur
468 1868 629 1941 Angelorum
648 1865 733 1922 lactus
751 1875 793 1921 est
814 1863 904 1920 luorum.
921 1863 958 1918 lta
973 1843 1051 1918 nobis

255 1963 375 2022 terbum
389 1961 555 2017 incarnatum
569 1957 666 2014 iactum
680 1965 721 2012 est
734 1954 908 2026 receptibile·
916 1950 993 2025 qnod
1006 1966 1051 2010 ιε·

255 2057 345 2128 cipere
363 2069 417 2111 non
430 2052 599 2118 valeremus,
620 2048 643 2104 si
662 2048 745 2104 Filius
758 2045 867 2116 aequalis
881 2045 936 2100 beo
952 2059 1003 2099 noa
1019 2059 1051 2101 so

256 2147 409 2206 exinaniret
418 2145 530 2200 formam
541 2143 610 2198 serui
624 2141 765 2211 accipiens,
780 2139 808 2194 in
819 2137 992 2194 similitudine
1001 2136 1052 2192 lto·

255 2241 358 2301 minum
372 2237 474 2300 lactus,
490 2242 518 2312 ει
533 2233 623 2288 babitu
637 2219 760 2287 inuentus
775 2238 803 2284 ut
822 2227 902 2284 lromo
920 2227 1048 2301 (Philipp.

254 2331 313 2399 n,6
331 2338 355 2386 et
370 2328 409 2400 7).
425 2327 459 2385 tlt
472 2340 536 2397 ergo
556 2332 700 2393 utcumque
718 2335 815 2393 capere
835 2333 976 2393 possemus
987 2333 1048 2374 eum

255 2424 302 2496 qui
313 2437 367 2480 non
380 2426 471 2492 posset
488 2417 547 2490 oapi
559 2432 573 2472 a
590 2415 762 2480 mortalibus,
776 2403 896 2469 mortalis
909 2411 994 2468 laetius
1006 2420 1050 2468 εει

255 2513 431 2580 immortalis;
445 2519 475 2567 ut
489 2517 594 2582 peracta
608 2522 656 2564 sua
670 2515 755 2564 morte
765 2503 863 2561 laceret
873 2502 1048 2572 immortales,

254 2615 283 2662 et
297 2605 396 2678 aliquid
416 2603 493 2660 daret
513 2598 728 2672 inspiciendum,
750 2597 850 2670 aliquid
872 2597 1048 2664 credendum,

255 2685 354 2768 aliquid
375 2703 434 2767 post
455 2692 610 2749 ridendum.
637 2689 832 2761 inspiciendam
847 2688 921 2746 dedit
933 2689 1048 2746 lormam

254 2789 325 2846 serui
346 2788 537 2860 presentibus,
556 2800 609 2840 uon
624 2785 709 2840 solnm
725 2783 808 2839 oculis
825 2781 986 2849 ridendam,
1000 2781 1050 2838 sed

254 2884 334 2940 etiam
360 2879 482 2936 manibus
503 2875 725 2948 pertractandam.
751 2873 819 2931 Cum
841 2873 935 2930 cadem
963 2873 1049 2930 lorma

254 2972 374 3032 aseendit
385 2970 537 3035 incoelum,
556 2968 666 3024 credere
684 2964 760 3022 nobis
771 2963 932 3037 jussitquod
943 2964 1047 3020 illisui·

255 3067 320 3123 dere
336 3061 480 3121 concessit.
499 3060 553 3118 Sed
565 3068 593 3116 ει
605 3073 654 3118 nos
665 3058 794 3115 habemus
806 3057 876 3129 quod
891 3057 1046 3114 videamus:

253 3157 294 3216 illi
306 3158 377 3214 enim
387 3154 511 3212 viderunt
524 3153 625 3223 virgam
638 3151 764 3208 emissam
775 3165 808 3206 ex
822 3149 898 3217 Sion,
910 3164 960 3206 nos
973 3149 1049 3206 rido-

253 3265 315 3307 mus
327 3247 458 3305 dominari
474 3245 500 3301 iu
515 3242 604 3300 medio
618 3243 786 3299 inimicorum
800 3255 919 3298 snorum.
938 3240 996 3298 lloc
1007 3248 1049 3298 to·

253 3351 328 3410 tum,
342 3340 437 3396 iratres
449 3380 457 3408 ‚
469 3336 584 3409 pertinet
597 3335 631 3392 ad
644 3335 868 3405 dispensationem
881 3332 974 3391 iormao
987 3347 1047 3391 ser·

255 3432 333 3500 vilis,
349 3445 409 3502 quae
429 3426 602 3485 tolerabiliter
616 3427 718 3496 capitur
731 3441 747 3482 a
760 3426 845 3482 servis
857 3466 863 3491 ,
877 3433 906 3482 ει
915 3434 1047 3483 amatura

253 3523 350 3580 laturis
366 3521 465 3578 liberis.
482 3518 585 3577 Veritas
593 3518 665 3576 euim
686 3516 908 3574 incommutabilis
922 3516 994 3590 quod
1005 3524 1048 3575 est

254 3615 373 3673 Verbum
388 3614 451 3683 bei,
468 3613 540 3669 licus
551 3611 620 3684 apud
632 3612 737 3680 licum,
752 3607 889 3681 perquem
904 3611 972 3692 lacta
984 3618 1047 3667 sunt

253 3710 358 3778 omnio,
382 3711 409 3766 in
423 3725 453 3766 se
471 3722 582 3765 maneus
597 3707 706 3762 innovat
724 3704 812 3760 omnia
829 3702 905 3778 (Sep.
921 3702 1045 3777 vrt,2i).

252 3803 328 3860 lianc
341 3811 371 3858 ut
386 3800 522 3856 videamus
533 3839 541 3866 ,
553 3813 649 3871 magna
662 3806 690 3853 ει
701 3795 818 3867 perlecta
831 3795 920 3852 cordis
939 3794 1045 3851 arundi-

253 3898 290 3954 tia
299 3894 507 3961 necessariaest,
516 3907 575 3963 quae
586 3891 615 3946 m
624 3905 671 3962 per
679 3889 769 3947 tidem.
781 3889 963 3944 Demonstrata
974 3887 1047 3944 enim

252 3991 338 4048 lorma
355 3988 441 4054 servi,
465 3985 568 4042 dilata'
583 3993 624 4040 est
637 3983 669 4040 ad
684 3982 917 4039 demonstrandam
932 3979 1046 4037 sormam

253 4085 312 4141 Dei.
326 4083 398 4138 idum
411 4081 508 4153 quippe
521 4079 548 4134 in
562 4076 647 4137 lorma
667 4075 737 4134 servi
761 4076 875 4148 loquens
893 4076 977 4132 servis
990 4075 1045 4130 ait:

257 4193 266 4226 ι
284 4173 334 4244 Qui
344 4171 429 4243 diligit
442 4186 503 4236 me,
517 4170 641 4225 mandata
657 4183 716 4225 mea
731 4168 867 4224 custodit:
884 4179 911 4224 ct
922 4169 967 4238 qni
983 4165 1046 4222 dili-

182 4284 187 4292 ’
253 4267 292 4338 git
304 4279 366 4332 me,
389 4263 540 4334 diligetura
556 4262 633 4317 Patre
647 4275 728 4327 meo;
744 4269 769 4317 et
788 4275 838 4332 ego
851 4260 958 4332 diligam
971 4277 1045 4326 eum,

253 4365 281 4413 et
292 4354 430 4412 ostendam
445 4354 575 4424 meipsum
591 4351 652 4406 1111ι
669 4351 755 4424 (deoru.
772 4366 831 4416 ιιι,
847 4351 902 4422 21).
925 4350 1046 4407 videnti-

252 4451 303 4508 bus
318 4465 347 4506 se
360 4447 480 4520 promisit
497 4447 742 4502 demonstraturum
756 4458 795 4499 se.
818 4443 887 4512 Quid
902 4442 1046 4500 ridebant?

253 4541 315 4613 quid
329 4534 518 4611 promittebat?
536 4535 667 4592 videbant
681 4533 792 4590 soronam
803 4535 872 4589 serui
885 4577 893 4602 ,
908 4536 1047 4606 promitte·

253 4613 299 4692 bat
313 4634 425 4688 irirunam
439 4629 496 4686 liei.
513 4625 662 4694 Ostendent,
678 4625 773 4696 inquit,
785 4626 908 4698 arreipmm
921 4625 968 4680 illl.
985 4625 1045 4698 lpsa

254 4738 296 4784 est
307 4725 415 4784 claritas
428 4721 462 4778 ad
475 4736 555 4793 quam
578 4719 731 4790 perducitur
751 4733 861 4790 reguiam
883 4718 1046 4790 quodmodo

253 4821 367 4878 transitu
392 4814 481 4873 secuti
507 4811 585 4883 liujus
608 4809 739 4880 colligitur
762 4827 769 4864 :
792 4808 898 4864 ducitur
919 4809 990 4866 enim
1011 4809 1045 4867 ad

252 4911 394 4987 qnamdam
408 4907 538 4962 visionem
553 4901 725 4969 ineffabilem,
741 4916 820 4974 quam
835 4915 887 4958 nou
903 4900 1046 4958 merebun-

253 5019 296 5064 tur
312 5003 395 5075 impii.
415 5001 545 5058 lictorum
561 4996 644 5051 lurma
658 4995 727 5052 serui
744 5009 804 5049 cunr
824 4994 868 5050 bie
886 5005 973 5064 esset,
989 4996 1046 5074 risa

253 5110 295 5158 est
308 5099 341 5154 ab
363 5095 472 5164 impiis:
489 5090 613 5147 uiderunt
630 5103 689 5142 eam
708 5089 750 5158 qui
766 5087 950 5154 crediderunt,
971 5087 1045 5144 vide·

253 5200 315 5250 runt
330 5199 357 5246 ct
368 5186 412 5258 qni
426 5184 590 5240 oeciderunt.
610 5179 648 5236 Ne
665 5177 764 5250 aliquid
780 5194 903 5250 magnum
917 5187 993 5250 putes
1003 5179 1045 5235 ι1-

255 5284 313 5340 deri
325 5281 437 5338 iormam
452 5277 533 5342 illam,
549 5271 768 5336 ridemntamici,
785 5270 910 5326 uiderunt
925 5271 1044 5340 inimici;

255 5385 283 5434 ει
297 5367 404 5445 (puidam
425 5369 546 5425 uidentes
570 5365 782 5431 interleeemnt,
804 5363 911 5434 qnidam
933 5379 986 5420 uon
1006 5365 1046 5420 ui·

257 5468 352 5524 deantes
370 5463 550 5520 crediderunt.
572 5457 646 5514 lianc
657 5471 721 5528 crgo
734 5456 845 5510 turmam
856 5453 943 5523 serni,
966 5471 1046 5528 quam

256 5560 300 5616 luie
312 5559 366 5629 lam
387 5556 414 5610 in
435 5553 586 5610 bumilitate
597 5549 721 5606 viderunt
733 5555 760 5604 ει
772 5547 807 5619 pii
820 5556 847 5604 ει
861 5547 934 5620 impii
947 5589 955 5616 ,
968 5547 1047 5605 uide-

286 5701 1048 5772 ίειειιεειιιιιιιι,111ιειιιι1ιι)“ειιιιιιιειιιτειιιιιιιιιιι·

254 5782 371 5894 Queat&
364 5833 438 5904 uugd
450 5833 624 5896 veuettor..
635 5821 753 5886 dimam.
807 5838 835 5884 ιι

1102 1038 1174 1086 ειιιιιι
1195 1041 1251 1097 εει,
1280 1026 1404 1085 Videbunt
1423 1031 1450 1084 ia
1462 1045 1536 1103 qoem
1555 1039 1715 1102 pupugerant
1735 1029 1827 1104 (Zocit.
1843 1047 1892 1102 ιιι,

1092 1119 1160 1206 111).
1179 1120 1519 1193 Videbuntjudieaturum,
1534 1137 1614 1193 quem
1633 1121 1772 1178 irriserunt
1786 1122 1895 1194 judica·

1102 1222 1169 1269 ιιιιιι.
1182 1213 1241 1284 ipsa
1254 1215 1343 1286 itaque
1358 1213 1443 1270 iorma
1455 1213 1524 1270 cerri
1536 1214 1561 1269 in
1572 1213 1675 1285 indicia
1685 1214 1828 1286 conspicua
1842 1217 1896 1272 erit

1102 1315 1130 1363 et
1139 1307 1219 1378 lastis
1232 1317 1260 1363 ει
1273 1306 1398 1378 iniustis,
1422 1315 1449 1363 ει
1461 1307 1511 1378 piis
1524 1315 1551 1363 et
1569 1306 1675 1377 impiis,
1695 1315 1722 1362 et
1734 1305 1856 1363 tidelibns
1867 1315 1896 1364 ct

1102 1399 1263 1456 inlldelibus.
1283 1400 1351 1469 Quid
1364 1415 1428 1472 ergo
1448 1400 1521 1472 impii
1538 1416 1591 1456 non
1609 1399 1756 1458 ridebunt?
1779 1400 1846 1458 Nam
1860 1403 1894 1458 dc

1102 1492 1200 1563 quibus
1213 1491 1312 1547 dictum
1330 1501 1385 1558 εει,
1405 1489 1532 1547 Videbunt
1543 1492 1571 1546 ia
1580 1507 1653 1563 ment
1665 1501 1845 1565 pupugerant:
1859 1493 1894 1552 de

1101 1584 1168 1656 ipsis
1180 1599 1287 1641 rursum
1305 1584 1405 1641 dictum
1418 1593 1476 1654 est,
1500 1583 1618 1639 Tollutur
1628 1585 1733 1656 impios.
1751 1595 1779 1641 ιιι
1787 1603 1840 1650 noo
1853 1587 1894 1642 ui-

1102 1675 1161 1731 deat
1172 1675 1315 1731 cleritatem
1329 1674 1433 1731 domini
1442 1673 1519 1747 (leui.
1534 1691 1606 1743 xxm,
1622 1675 1680 1749 ld).
1691 1674 1761 1744 Quid
1773 1685 1816 1732 est
1830 1677 1893 1746 lroc,

1101 1767 1219 1826 iratres?
1238 1769 1444 1838 Disccmamus,
1464 1769 1638 1826 discutiamus
1652 1769 1672 1826 ¹.
1697 1769 1835 1826 limitatur
1843 1771 1896 1825 im·-

1101 1863 1172 1934 pius,
1187 1871 1217 1918 ιιι
1225 1860 1324 1933 aliquid
1337 1861 1441 1926 rideat;
1457 1861 1559 1917 tollitur
1568 1861 1675 1930 impius,
1687 1869 1716 1918 nt
1729 1859 1828 1933 aliquid
1840 1877 1894 1918 noa

1101 1953 1201 2011 videat
1224 1952 1283 2011 lam
1297 1953 1362 2025 quid
1380 1955 1416 2010 sit
1427 1953 1548 2022 risurus,
1567 1944 1754 2021 ostendimus3
1780 1951 1894 2009 iormam

1102 2043 1216 2100 illamde
1229 2060 1280 2116 qna
1295 2044 1457 2113 dictumest,
1472 2043 1517 2102 Sic
1530 2045 1620 2102 oeaiet.
1633 2044 1702 2112 Quid
1712 2060 1776 2117 ergo
1787 2059 1841 2101 noo
1852 2053 1896 2104 εει

1101 2137 1229 2194 victurus?
1240 2137 1414 2195 uenerandum
1421 2139 1543 2210 meipsum
1553 2139 1601 2194 illi.
1610 2139 1679 2209 Quid
1688 2151 1740 2206 εει,
1750 2138 1896 2212 meipsum?

1100 2227 1159 2284 Non
1171 2228 1283 2285 sormam
1296 2231 1377 2287 servi.
1397 2230 1465 2300 Quid
1479 2239 1529 2295 εει,
1538 2231 1685 2304 meipsam!
1698 2230 1822 2290 Parmam
1835 2233 1893 2300 lici,

1101 2323 1191 2394 inqua
1208 2339 1262 2380 non
1279 2325 1400 2394 rapinam
1415 2321 1557 2380 arbitrans
1570 2339 1629 2380 snm
1642 2339 1702 2381 csse
1715 2325 1825 2398 aqualis
1837 2325 1895 2384 lieo

1101 2415 1232 2490 (Philipp.
1241 2432 1271 2486 ιι,
1282 2417 1376 2490 delii.
1391 2416 1460 2486 Quid
1468 2427 1519 2487 est,
1532 2435 1541 2470 ι
1552 2417 1702 2490 meipsumi
1713 2418 1893 2487 Dilectissiml,

1101 2507 1148 2564 diii
1170 2509 1219 2566 liei
1242 2518 1351 2577 stamus,
1375 2521 1404 2566 et
1425 2510 1544 2566 nondum
1556 2510 1678 2581 apparuit
1690 2510 1753 2582 quid
1767 2512 1892 2568 eriotos:

1101 2600 1202 2658 scimus
1215 2599 1276 2670 quia
1288 2615 1349 2657 cum
1363 2600 1527 2672 apparuerit,
1539 2600 1641 2657 similes
1655 2601 1679 2657 ei
1694 2601 1794 2657 erimus
1805 2618 1813 2669 ;
1826 2615 1894 2671 quo-

1100 2691 1173 2747 niam
1185 2691 1335 2748 ridebimus
1348 2707 1408 2747 eum
1423 2692 1501 2748 sicuti
1514 2701 1556 2748 est
1568 2711 1579 2746 ι
1589 2689 1612 2765 (l
1625 2689 1703 2747 loeo.
1716 2707 1756 2761 nr,
1773 2691 1813 2762 Ξ).
1828 2690 1893 2748 ttae

1100 2784 1210 2840 claritas
1225 2783 1272 2840 liei
1284 2794 1327 2842 est
1340 2783 1482 2840 ineliabiiis
1498 2782 1560 2852 lux,
1582 2781 1643 2839 lons
1662 2782 1729 2840 lucis
1749 2784 1894 2840 sinecour·

1100 2876 1294 2943 mutabilitate,
1312 2876 1412 2932 ueritas
1425 2876 1483 2934 sine
1495 2875 1613 2945 delectu,
1624 2875 1753 2946 sapientia
1762 2876 1789 2931 io
1804 2875 1905 2953 seipsa,

1101 2983 1223 3036 manens,
1248 2969 1379 3027 innovans
1398 2970 1488 3025 omnia
1505 2988 1512 3024 :
1530 2969 1588 3025 inec
1605 2970 1751 3026 substantia
1773 2967 1820 3025 bet
1838 2977 1892 3027 est.

1100 3062 1193 3134 ltaque
1205 3063 1314 3120 tolletur
1325 3063 1442 3134 impius,
1458 3071 1487 3119 ut
1504 3078 1558 3119 aon
1575 3063 1665 3120 uideat
1676 3063 1747 3120 irone
1760 3061 1893 3122 bonorem

1100 3154 1216 3211 liomini.
1231 3153 1304 3210 Booti
1314 3153 1385 3211 enim
1393 3154 1579 3223 mundicordes,
1594 3157 1655 3229 quio
1667 3155 1717 3227 ipsi
1727 3153 1809 3212 Deum
1822 3155 1892 3211 eide·

1099 3245 1160 3303 leot
1174 3244 1280 3321 (11ειιιι.
1297 3263 1325 3318 ι,
1337 3248 1377 3321 8).

1135 3341 1180 3398 lb.
1201 3340 1312 3398 Videtur
1330 3356 1394 3412 ergo
1413 3341 1499 3410 milri,
1515 3341 1632 3411 iratres,
1646 3349 1775 3414 quantum
1791 3349 1893 3401 nostrat

1099 3433 1240 3508 capacitati
1256 3434 1386 3492 Dominus
1400 3434 1530 3508 impertiri
1545 3435 1676 3507 dignatur,
1698 3434 1732 3491 de
1748 3435 1806 3506 ipso
1820 3443 1893 3491 tem·

1098 3541 1165 3600 pore
1178 3545 1186 3582 ι
1200 3527 1223 3582 si
1238 3534 1325 3583 tamen
1349 3526 1491 3583 dicendum
1515 3535 1574 3597 est,
1596 3529 1753 3599 tempore¹;
1774 3526 1892 3598 quodam

1099 3621 1171 3678 enim
1186 3630 1308 3692 tempore
1321 3620 1425 3677 venturi
1444 3635 1537 3677 sumus
1557 3621 1591 3677 ad
1608 3637 1663 3677 non
1686 3631 1791 3692 tempus
1805 3639 1812 3677 :
1828 3619 1892 3678 iude

1098 3713 1166 3770 mibi
1178 3711 1283 3770 uidetur
1296 3711 1413 3781 dictum;
1427 3712 1498 3784 quod
1513 3713 1573 3769 sinc
1585 3706 1740 3784 prejudicio
1753 3710 1853 3780 dicam,
1866 3711 1892 3768 sl

1099 3804 1161 3875 quia
1172 3803 1324 3876 intelligere
1336 3803 1437 3876 aliquid
1456 3804 1563 3872 melius,
1583 3803 1744 3876 expeditius,
1760 3803 1892 3876 probabi·

1098 3895 1152 3953 lius
1164 3896 1266 3966 possit:
1280 3895 1342 3952 inde
1355 3894 1420 3951 ntilri
1434 3894 1538 3951 ridetur
1549 3895 1648 3952 dictum
1658 3938 1665 3963 ,
1677 3894 1772 3952 Tecum
1791 3895 1891 3968 princi·

1098 3990 1170 4062 ριιιιιι
1180 3989 1208 4045 in
1220 3989 1261 4044 die
1274 3989 1373 4044 oirtalia
1387 3997 1446 4044 tue.
1461 3988 1581 4060 lienique
1594 3987 1661 4055 hoc,
1673 3999 1801 4060 quantum
1812 3996 1888 4060 pulo,

1097 4097 1179 4140 versu
1198 4091 1378 4154 consequente
1395 4082 1460 4137 satis
1479 4081 1613 4153 explanat.
1628 4081 1695 4150 Quia
1709 4081 1781 4138 enim
1796 4090 1823 4137 et
1844 4081 1890 4138 hie

1098 4165 1169 4231 dicta
1182 4182 1224 4231 εει
1237 4176 1322 4231 uirtus
1340 4173 1413 4245 ejus,
1433 4189 1486 4246 qna
1500 4173 1611 4245 subiecit
1630 4182 1723 4246 gentes
1744 4173 1808 4247 jugo
1822 4188 1889 4242 suo,

1098 4281 1151 4338 qua
1171 4266 1266 4323 strauit
1279 4266 1412 4338 populos,
1435 4281 1490 4321 non
1505 4264 1596 4334 ierro,
1621 4265 1668 4322 sed
1682 4266 1774 4337 ligne,
1795 4265 1848 4322 etsi
1862 4267 1891 4324 ia

1098 4373 1180 4414 carne
1190 4398 1198 4427 ,
1210 4358 1260 4414 etsi
1273 4358 1299 4413 in
1312 4350 1481 4425 humilitate,
1496 4357 1546 4413 etsi
1561 4357 1648 4413 adlrnc
1660 4367 1789 4429 quantum
1803 4357 1891 4415 serul-

1098 4449 1132 4504 lis
1143 4449 1228 4505 lorma
1244 4449 1359 4520 patitur,
1377 4448 1481 4519 capitur
1493 4457 1581 4503 tarraco
1601 4463 1696 4520 magna
1711 4449 1796 4504 virtus
1810 4449 1891 4521 eirtsp

1097 4541 1159 4613 quia
1172 4541 1243 4613 quod
1266 4541 1401 4597 infirmum
1424 4549 1465 4596 est
1483 4540 1551 4609 Ilei,
1573 4539 1668 4597 lortius
1682 4549 1724 4597 est
1737 4541 1893 4599 bominibus

1098 4635 1121 4707 (Ι
1135 4634 1194 4690 Gor.
1207 4651 1233 4700 ι,
1248 4632 1294 4707 25)
1312 4651 1319 4687 :
1334 4633 1395 4705 qnia
1410 4649 1474 4704 ergo
1486 4632 1555 4688 dieta
1568 4641 1648 4689 estet
1662 4633 1705 4689 irie
1714 4635 1800 4688 uirtus
1811 4633 1890 4706 ejus,

1098 4740 1177 4797 quam
1191 4725 1385 4780 conrmcndarit
1395 4723 1518 4789 dicendo,
1534 4723 1636 4797 l'irpem
1648 4725 1746 4781 obrutis
1757 4733 1809 4780 tue
1818 4725 1894 4780 esurit·

1098 4827 1132 4873 tet
1144 4815 1269 4873 [leudam
1281 4834 1313 4873 eo
1327 4816 1401 4884 Sion,
1417 4825 1441 4871 et
1452 4817 1582 4873 doadaore
1595 4817 1621 4872 ia
1633 4818 1717 4872 medio
1730 4817 1894 4873 iraimicoruur

1098 4918 1200 4966 tuorum
1215 4925 1225 4965 :
1238 4910 1336 4980 quanta
1350 4909 1422 4966 enim
1436 4909 1520 4966 virtus
1533 4909 1591 4981 ejus
1604 4909 1746 4967 dominans
1760 4911 1786 4965 io
1802 4911 1895 4968 medio

1098 5001 1264 5058 inimicorum
1279 5016 1388 5058 suorum
1403 5001 1636 5073 perstrepentium,
1647 5000 1713 5057 nilril
1725 5011 1818 5058 contra
1829 5017 1893 5059 eum

1097 5096 1252 5160 valentium,
1265 5094 1385 5165 qnotidie
1395 5094 1445 5150 sibi
1458 5093 1614 5158 dicentium,
1629 5093 1737 5160 Quoudo
1756 5095 1892 5160 ιιιειῐειιιι,

1083 5179 1122 5245 ἐι
1138 5187 1226 5260 peribit
1243 5203 1334 5242 nouum
1347 5185 1402 5258 qua
1415 5185 1501 5256 (Psoi.
1514 5203 1566 5254 ιι,
1580 5185 1629 5259 bi?
1643 5203 1703 5242 cum
1716 5196 1819 5242 crescat
1833 5185 1895 5257 glo-

1098 5280 1138 5337 ria
1151 5280 1210 5350 eins
1231 5293 1278 5348 per
1291 5278 1423 5349 populos,
1439 5293 1499 5333 cum
1522 5279 1579 5349 eius
1593 5279 1693 5334 nomini
1716 5277 1895 5350 subjiciantur

1097 5382 1211 5443 gentes,
1235 5384 1294 5425 cum
1311 5377 1434 5440 peccator
1447 5371 1535 5427 rideat
1555 5379 1583 5427 et
1604 5372 1751 5439 irascatur,
1767 5370 1896 5428 dentibus

1098 5463 1155 5520 suis
1176 5460 1281 5518 irendat
1293 5469 1321 5516 ει
1334 5461 1453 5517 ιιΙιεεεει
1466 5461 1561 5535 (Ptol.
1584 5477 1643 5528 car,
1659 5459 1712 5542 10)
1729 5479 1737 5517 a
1752 5463 1815 5533 quia
1829 5477 1897 5531 ergo

1098 5566 1141 5614 est
1153 5564 1181 5611 et
1192 5555 1250 5610 baec
1260 5553 1345 5609 uirtus
1358 5552 1435 5624 ejus,
1449 5552 1543 5609 voleus
1555 5552 1688 5623 Propheta
1702 5552 1898 5613 commendare

1085 5649 1177 5706 aliter
1188 5647 1313 5704 uirtutem
1325 5646 1403 5718 ejus,
1417 5645 1495 5703 sicuti
1515 5656 1558 5716 εει
1571 5645 1661 5703 Virtus
1675 5645 1722 5704 liei
1735 5654 1762 5703 ει
1777 5646 1898 5720 Sapien-

1132 5764 1249 5815 ιοιιιει
1258 5757 1465 5823 ammomum.
1517 5767 1523 5780 ·

1133 5829 1198 5879 ιιι.
1209 5832 1269 5880 reu.
1282 5832 1308 5877 ει
1318 5829 1385 5890 ror..
1395 5829 1496 5878 eman.
1523 5829 1544 5879 ιι
