4084 6367
155 338 219 439 tort
673 320 1214 449 muanunnmnsnnnuncunt.
1712 376 1781 435 toea

125 477 134 561 ,¹
155 490 368 565 ilicitapostolus
376 487 491 546 Paulum
505 482 707 541 Fundamentum
715 485 780 539 enim
790 481 861 537 uliud
870 496 942 536 neure

153 594 235 657 potest
253 600 364 658 ponere,
377 590 469 653 preter
487 579 515 634 ld
538 577 606 650 prod
629 577 736 649 positum
749 586 796 641 ert,
818 574 886 645 guod
906 582 944 628 ert

122 715 126 722 ·
154 672 270 733 ditrictae
294 674 372 729 dms
397 670 429 747 (l
448 672 507 727 Cor.
528 684 573 733 ιιι,
588 668 632 734 l'l,
645 663 708 738 ll).
732 664 944 720 Fundamentum

152 767 260 839 qnando
272 765 381 837 ponitur
393 764 420 819 in
428 772 510 825 terra,
523 760 638 829 desuper
646 756 810 813 adificantur
819 753 942 823 parietett,

153 868 179 913 et
191 857 297 927 pondos
307 855 438 928 parietum
448 852 482 907 nd
493 852 544 907 ima
555 849 649 917 tendit,
658 848 719 918 quia
728 848 756 901 in
767 846 820 901 into
830 844 944 915 positum

153 939 196 1007 cst
209 948 419 1004 fundamentum.
434 945 462 1001 st
475 950 563 998 autem
577 940 776 996 fondamentum
787 947 907 992 nostrum
918 937 944 989 ιιι

153 1042 223 1098 eoelo
235 1051 296 1105 est,
312 1039 345 1094 ad
359 1038 456 1094 ooelum
475 1034 646 1091 aediioemur.
661 1029 780 1099 Corpora
795 1025 945 1083 aedificare-

153 1140 217 1188 rnnt
229 1132 306 1187 istam
327 1137 487 1185 stntetoram
502 1126 531 1191 ¹,
544 1138 622 1195 otram
638 1119 732 1175 videtis
750 1118 865 1186 amplam
885 1131 945 1172 sur·

154 1222 267 1287 rexisse,
276 1220 354 1291 bujns
365 1218 494 1281 basilicum
507 1223 534 1271 et
543 1213 604 1285 quia
614 1224 727 1281 corpora
736 1207 944 1271 aedificaverunt,

153 1312 356 1369 bundamcntum
372 1310 398 1365 in
417 1310 471 1363 imo
484 1311 630 1377 posuerunt
643 1318 650 1356 ι
664 1300 726 1373 quia
742 1312 809 1355 rcro
822 1297 946 1369 spiritua·

153 1405 215 1461 liter
228 1403 409 1467 adillmmur,
426 1399 626 1455 laudamentum
650 1404 771 1449 nostrum
792 1392 819 1447 in
842 1401 947 1446 summo

153 1497 272 1567 positum
291 1504 342 1550 est.
365 1492 430 1549 illuc
448 1504 512 1561 ergo
532 1498 686 1551 commus,
701 1483 746 1566 obi
765 1480 946 1543 aedificemur:

154 1586 262 1658 quiade
275 1586 331 1657 ipsa
342 1583 490 1641 Jerusalem
503 1579 603 1636 dietum
615 1585 668 1643 est,
680 1575 782 1630 Stenter
794 1580 864 1627 erent
873 1570 948 1641 pedes

153 1679 236 1734 nostri
248 1678 274 1732 in
286 1677 358 1731 atriis
369 1673 523 1730 tenutam.
536 1668 593 1725 Sed
605 1667 681 1735 curlus
692 1660 859 1720 temsatomt
871 1654 948 1715 Je'rn

153 1771 235 1825 edm
245 1784 302 1841 pute
313 1766 495 1836 edificaturet
505 1761 601 1816 dcitur.
617 1758 714 1816 Parum
725 1745 802 1823 dixit,
818 1762 847 1809 ut
858 1759 948 1809 osten·

154 1861 230 1917 aleret
239 1857 398 1921 Jerusalem,
407 1855 467 1927 qnia
477 1853 553 1918 dixit,
566 1860 593 1905 ut
601 1849 689 1903 dcitur
695 1847 851 1917 edificatum
860 1842 949 1898 adbuc

154 1958 244 2023 potest
263 1950 308 2004 illa
322 1944 471 2016 corporalis
492 1940 613 2012 intelligi.
633 1937 702 2007 Quid
716 1936 740 1992 si
759 1936 830 1991 enirn
852 1934 949 1989 existat

154 2038 252 2110 aliquis
265 2046 293 2093 et
303 2037 374 2092 ditat
392 2033 471 2090 :lam
484 2031 592 2104 quidem
608 2037 636 2085 et
653 2042 714 2084 enm
728 2027 780 2081 istu
797 2023 949 2080 diceremur

155 2126 322 2197 temporibus
336 2124 430 2190 Dauid,
442 2130 472 2179 et
482 2123 533 2177 ista
545 2124 716 2181 mactentur,
727 2123 785 2171 erat
797 2113 890 2169 ciritae
902 2111 947 2167 illa

155 2219 274 2293 perlecta
286 2235 294 2284 ;
308 2216 356 2272 sed
371 2214 480 2271 videbat
500 2213 526 2269 in
542 2209 636 2283 spiritu
648 2207 796 2271 ruituram,
811 2203 948 2259 etiterum

155 2308 350 2370 teulidcarrdam.
360 2307 516 2376 Expugnare
526 2310 569 2359 est
577 2301 647 2357 enim
657 2298 703 2355 illu
713 2297 815 2362 ciuitas,
827 2303 855 2350 et
863 2292 950 2348 iactus

150 2402 197 2471 [est
206 2398 366 2457 transitusin
376 2394 546 2468 Babyloniam
555 2391 644 2463 populi
652 2387 786 2458 captivati,
795 2395 823 2442 et
832 2384 951 2440 dietaest

155 2494 208 2551 ista
222 2493 250 2547 in
270 2488 434 2571 'Scriptura
450 2481 646 2554 transmigratio
667 2480 695 2535 ln
716 2478 899 2550 Babyloniam.
914 2474 950 2531 tn

155 2584 326 2658 prophetarit
337 2577 478 2643 ieremias,
490 2583 552 2648 post
563 2571 729 2645 septuaginta
742 2582 826 2625 annos
839 2567 951 2639 captiui·

155 2677 221 2731 tatis
229 2672 355 2731 aedillmri
365 2684 444 2741 posse
455 2668 525 2723 illam
535 2666 669 2721 ciritatem
678 2678 738 2734 quae
749 2661 883 2717 destructa
892 2667 951 2715 erat

156 2782 173 2822 a
190 2762 384 2823 debellantibus
398 2758 504 2832 (derunt.
524 2772 585 2811 xxtr
598 2797 605 2822 ,
620 2754 654 2821 ι,
669 2752 731 2826 te).
753 2752 834 2807 Forte
846 2750 885 2805 ait
902 2748 950 2803 ali-

156 2860 220 2933 quis
234 2875 245 2915 ι
259 2836 436 2912 ttoc'ridebat
448 2849 531 2906 lterid
544 2848 570 2903 in
584 2846 698 2917 spirito,
713 2844 841 2901 ruituram
855 2841 949 2896 cirita-

156 2961 214 3009 tem
231 2948 380 3006 ierusalem
394 2960 410 3000 a
427 2939 632 3005 debellantibus,
647 2936 784 2991 etiterum
799 2947 877 3003 posse
890 2938 951 3002 post

156 3041 324 3114 septinginta
336 3052 420 3095 annos
433 3032 576 3097 aedificari:
589 3040 622 3086 et
634 3029 695 3084 ideo
713 3027 795 3092 dixit,
808 3021 950 3080 tuentem

157 3150 215 3207 gnte
227 3133 370 3202 oedfiemm
381 3138 410 3183 at
420 3126 508 3181 elebat
522 3141 531 3180 .·
547 3122 601 3178 noli
614 3135 679 3192 ergo
692 3126 785 3189 putare
798 3116 869 3171 illam
883 3113 950 3169 eiri-

157 3236 240 3282 tatcm
254 3236 314 3279 csse
325 3220 423 3274 dictam
436 3230 495 3288 qne
516 3220 621 3270 eonstat
640 3224 672 3266 er
691 3208 811 3275 erretis,
826 3214 949 3276 tarrqnant

156 3334 192 3376 ex
204 3314 339 3388 lapidibus
352 3311 428 3367 riuis.
443 3306 512 3377 Quid
524 3303 660 3376 seqnitur,
674 3309 705 3356 ut
720 3298 795 3355 tollat
807 3305 889 3351 totam
902 3292 951 3351 du·

156 3404 331 3467 bitationeml
354 3403 397 3458 nir
416 3401 488 3456 enim
500 3438 508 3465 ,
522 3396 626 3453 Stantm
647 3399 721 3449 eraut
744 3389 819 3456 pedes
832 3386 911 3442 nonni
923 3387 950 3440 in

157 3489 553 3560 consecrationemque
568 3485 628 3542 dieo
642 3479 807 3539 temorteut
818 3472 950 3548 Numquid

158 3593 250 3657 ιιιειιι,
263 3586 358 3658 ingruit,
371 3597 449 3655 quarn
462 3579 559 3636 ridetis
569 3586 642 3633 stare
655 3572 791 3643 oorporeis
806 3567 951 3640 parictibus

158 3678 295 3741 ereetaml
307 3676 380 3740 Non3
390 3672 439 3728 sed
449 3668 591 3727 tuomum
599 3680 657 3737 pue
664 3658 951 3731 edificataruteioitot.

158 3773 249 3841 Quare
262 3784 317 3824 non
330 3765 443 3831 ciuitas,
457 3758 504 3818 sed
516 3768 545 3813 ut
560 3757 666 3819 eioitm3
680 3752 730 3810 nisi
743 3752 803 3823 quia
818 3750 868 3804 ista
878 3756 953 3802 stru-

158 3876 234 3922 ctura
247 3861 399 3934 parietum,
414 3852 483 3926 quae
494 3858 553 3907 erat
566 3850 592 3903 iu
605 3846 752 3904 Jerusalem
764 3884 772 3909 ,
785 3839 898 3897 risibilis
911 3838 950 3893 ei·

159 3957 229 4011 vitas
242 3960 317 4022 erat,
331 3950 401 4011 sicot
414 3944 520 4017 proprie
539 3939 636 3996 dicitur
647 3936 681 3991 ab
697 3933 823 3991 omnibus
836 3931 930 3987 ciuitas
943 3948 950 3985 ι

159 4046 206 4104 illa
218 4056 309 4100 autern
321 4039 468 4096 edtuwor
479 4043 604 4103 tanquam
616 4028 727 4089 ciuitas,
742 4025 804 4094 qnia
816 4030 844 4078 et
856 4020 892 4076 illi
906 4021 952 4091 qui

159 4136 189 4194 in
203 4149 263 4191 eam
276 4134 391 4195 intrant,
407 4140 526 4197 tanquan
539 4120 588 4177 riui
607 4116 704 4187 ιιριιιι
717 4124 779 4171 sunt
791 4131 799 4180 ;
812 4128 866 4168 non
880 4112 951 4168 enirn

159 4243 225 4285 rete
241 4225 345 4296 lapides
356 4220 435 4278 sonti
449 4218 524 4273 Sient
538 4215 575 4271 illi
588 4222 617 4268 ut
628 4211 730 4281 lapides
742 4250 749 4273 ,
763 4222 818 4263 non
831 4203 952 4275 lapides3

160 4320 202 4375 sie
213 4318 259 4375 illa
273 4324 302 4371 ut
314 4313 419 4379 ειιιιιιι,
432 4322 486 4364 non
499 4306 610 4369 ciritns;
625 4302 685 4372 quia
701 4297 783 4362 dixit,
798 4294 951 4366 edificatur.

160 4410 278 4469 llomine
295 4406 396 4479 quippe
418 4398 543 4464 aedibeii,
562 4404 725 4451 stnreturam
744 4402 954 4459 compagemque

160 4512 307 4573 corporum
318 4506 398 4567 atque
409 4491 540 4565 parietum
552 4486 637 4543 uoluit
648 4481 768 4553 totetttgt.
780 4478 847 4534 iiam
858 4477 954 4534 ειιιιεε

160 4593 273 4665 proprie
293 4591 319 4644 in
341 4582 494 4643 bominibus
517 4574 698 4635 babitantibus
717 4570 886 4641 intelligitur.
901 4566 953 4624 Sed

160 4680 343 4742 marillestarit
356 4676 433 4733 nobis
446 4672 580 4729 ciuitatem
600 4682 630 4723 se
649 4665 743 4720 urbem
761 4661 878 4725 dixisse,
894 4660 955 4730 quita

161 4772 250 4842 dixit,
265 4772 417 4841 edificetur.
429 4766 465 4822 Et
478 4764 538 4836 quia
552 4758 693 4817 aedilicium
705 4753 845 4826 spirituale
859 4752 955 4808 simili·

162 4867 286 4924 tudinem
298 4859 440 4934 qnamdam
451 4854 531 4911 ltabet
539 4848 643 4907 adiisti
652 4845 810 4937 corporalis,
824 4842 884 4899 ideo
894 4842 957 4897 tedi-

163 4953 408 5031 tieeturuteicitut.
812 5012 814 5016 Ι

201 5052 229 5108 5.
243 5046 299 5105 Sed
311 5044 382 5102 dicat
393 5038 465 5113 quod
479 5036 608 5108 sequitur,
623 5039 652 5088 et
662 5027 766 5085 aulerat
783 5039 890 5081 omnem
904 5022 956 5079 do-

163 5140 333 5202 bitationem,
349 5133 410 5205 quia
431 5144 488 5192 non,
507 5122 650 5181 carnaliter
666 5118 795 5175 debemus
815 5115 954 5183 accipere,

160 5227 311 5295 ,leucaten
327 5236 384 5294 puts
398 5218 541 5288 edificatur
551 5222 580 5267 ut
591 5210 688 5267 civitae.
703 5194 783 5278 eupit
796 5201 957 5274 participatio

157 5323 223 5397 «rjus
243 5320 273 5374 in
294 5316 416 5387 ιιιρειιιιι.
435 5300 498 5365 'lam
519 5318 594 5373 crgo,
613 5302 719 5362 iratres,
742 5294 862 5366 ιιιιιεφιιι
881 5292 960 5361 erigit

159 5409 253 5471 teiettt
266 5404 375 5469 mentis,
384 5396 503 5471 aurisonis
512 5392 621 5463 deponit
630 5386 768 5459 caliginem
777 5380 876 5447 earnis,
885 5376 958 5451 quis·

161 5498 228 5572 quis
239 5494 352 5554 mundat
363 5490 471 5548 oculmn
483 5483 582 5548 cordis,
595 5481 729 5545 detenet
741 5474 830 5531 rideat
836 5472 958 5544 idipsum.

164 5588 236 5657 Quid
259 5594 303 5643 est
324 5579 453 5655 idipsum?
472 5570 612 5646 Quomodo
632 5568 736 5633 dicam,
759 5564 809 5621 nisi
830 5560 961 5634 idipmnt?

165 5680 289 5743 Fratres,
309 5673 334 5730 si
353 5669 475 5745 potestis,
498 5662 638 5734 intelligite
651 5658 773 5731 idipmota
788 5652 855 5711 llam
867 5662 895 5711 et
907 5667 960 5722 ego

202 5816 213 5850 t
225 5821 291 5875 u,
299 5806 481 5865 ιιιιιιιιιιιιιωιι

995 484 1122 556 quidquid
1143 484 1215 541 aliud
1237 476 1339 553 dixerit,
1361 488 1490 549 nordico
1507 490 1628 561 idipsum.
1647 493 1783 553 Certemus

995 580 1084 631 nmen
1097 576 1253 646 quibusdam
1267 576 1444 636 vicinitatibus
1456 580 1598 639 uerborum
1608 591 1636 641 et
1647 583 1783 655 signitica-

995 665 1097 723 tionum
1120 667 1264 737 perducere
1282 669 1461 727 inllrnritatem
1481 676 1599 730 ιιιειιιιιΙ
1615 674 1649 739 ad
1663 678 1784 748 cogitan-

995 754 1059 811 dum
1072 756 1192 827 idipsum.
1207 758 1275 829 Quid
1288 760 1472 832 astiturum?
1484 763 1560 831 Quod
1569 780 1676 835 semper
1687 766 1783 825 εειιειιι

996 849 1078 906 modo
1091 861 1150 917 est;
1164 850 1235 923 qttod
1250 868 1303 909 non
1325 855 1404 911 ntotlo
1417 856 1498 923 aliud,
1513 867 1542 913 et
1553 859 1633 915 modo
1646 860 1718 917 aliud
1730 869 1782 918 cst.

996 940 1065 1009 Quid
1077 952 1118 997 ast
1128 957 1191 1014 ergo
1205 944 1327 1015 idipsum,
1342 947 1409 1013 nisi,
1418 946 1489 1019 qued
1502 950 1564 1005 esti
1578 949 1647 1018 Quid
1659 951 1784 1022 estquod

997 1030 1060 1088 ost't
1072 1031 1147 1097 Quod
1162 1042 1289 1092 eternum
1304 1045 1355 1093 est.
1369 1036 1436 1095 llam
1449 1038 1518 1109 quod
1532 1055 1640 1111 semper
1651 1042 1729 1101 aliter
1746 1052 1786 1099 at·

997 1138 1049 1194 que
1062 1124 1138 1179 aliter
1149 1135 1199 1188 est,
1214 1136 1327 1193 nonest,
1341 1128 1402 1200 qtnia
1414 1140 1568 1187 nonnanes
1584 1149 1592 1187 a
1607 1147 1660 1188 non
1675 1136 1785 1188 omniuo

997 1228 1050 1268 non
1061 1220 1113 1280 est,
1123 1213 1169 1269 sed
1180 1230 1232 1273 non
1240 1230 1343 1273 summe
1356 1226 1405 1274 est.
1422 1220 1455 1275 Et
1464 1220 1527 1290 quid
1540 1222 1658 1293 estquod
1670 1231 1721 1289 est,
1733 1224 1785 1279 nisi

998 1303 1045 1361 ille
1059 1304 1102 1373 oui
1116 1304 1222 1377 quando
1234 1307 1354 1365 mittebat
1372 1309 1491 1383 liopsen,
1505 1312 1571 1367 dixit
1584 1313 1644 1368 illi:
1660 1312 1787 1385 Eponam

998 1395 1042 1465 qui
1054 1396 1130 1451 turn?
1140 1394 1207 1463 Quid
1221 1408 1262 1453 est
1284 1398 1343 1464 lroe,
1360 1398 1411 1455 nisi
1431 1400 1479 1457 ille
1491 1402 1535 1472 qni
1549 1416 1610 1457 eum
1632 1400 1733 1459 diecret
1747 1405 1788 1457 ta·

999 1487 1087 1543 mulus
1106 1487 1175 1559 ejus,
1191 1488 1257 1543 Ecce
1274 1490 1352 1545 mittis
1366 1507 1406 1545 me
1418 1506 1429 1545 .·
1441 1493 1463 1548 ri
1475 1493 1566 1549 dixerit
1585 1495 1647 1549 uniti
1660 1495 1786 1567 populus,

1002 1576 1064 1645 Qrtis
1076 1587 1099 1633 te
1110 1579 1198 1635 nriritl
1209 1580 1270 1651 quid
1279 1580 1361 1649 dicum
1372 1581 1416 1636 eil
1429 1597 1525 1663 nornen
1535 1583 1708 1640 suumnoluit
1716 1584 1786 1639 aliud

999 1667 1098 1735 dicere,
1113 1686 1202 1741 quam,
1216 1668 1274 1743 ligo
1288 1688 1344 1727 eunt
1355 1674 1399 1744 gui
1412 1690 1468 1729 rum
1478 1691 1489 1739 ,·
1500 1683 1528 1730 ει
1539 1675 1637 1746 adjecit
1647 1676 1730 1741 etait,
1742 1676 1788 1731 tu·

999 1760 1134 1830 seriturque
1147 1759 1207 1829 liliis
1224 1758 1316 1828 israel,
1338 1762 1387 1829 Qu:
1404 1773 1450 1828 est,
1465 1765 1532 1819 misit
1550 1764 1703 1821 mesdeus.
1719 1766 1789 1821 Ecce

999 1849 1121 1919 idipsum,
1136 1850 1193 1923 Epo
1209 1868 1265 1907 tam
1276 1854 1320 1923 qui
1339 1870 1404 1921 tumr,
1421 1852 1472 1919 Qui
1485 1862 1531 1920 ert,
1553 1854 1620 1909 misit
1640 1838 1723 1909 ntead
1734 1868 1787 1909 uer.

1000 1936 1058 1995 Non
1081 1948 1157 2011 potes
1171 1956 1285 2011 eapore;
1307 1942 1420 1999 multum
1440 1951 1482 2001 est
1496 1943 1655 2015 intelligere,
1677 1944 1789 2000 multum

1000 2038 1043 2087 est
1063 2030 1273 2103 apprehendere.
1298 2032 1392 2091 Retine
1412 2036 1483 2107 qnod
1508 2052 1566 2105 pne,
1579 2046 1605 2093 ιε
1622 2034 1708 2093 laetos
1729 2045 1790 2103 est,

1000 2138 1080 2195 quem
1096 2139 1148 2181 rron
1162 2139 1255 2195 nosses
1273 2141 1378 2196 capere.
1393 2128 1490 2187 lletine
1503 2144 1611 2187 carnem
1631 2130 1741 2199 Gbristi,
1762 2133 1792 2189 in

1001 2228 1080 2284 otram
1105 2213 1234 2271 letabaris
1255 2226 1383 2287 aegrotus,
1400 2227 1428 2275 et
1446 2233 1463 2273 a
1482 2220 1636 2277 uulneribus
1656 2222 1790 2279 latronum

1001 2303 1145 2378 semivivus
1157 2305 1275 2374 relictus,
1287 2317 1316 2363 ut
1328 2307 1362 2363 ad
1375 2308 1507 2367 stabulum
1518 2310 1789 2386 perducencendas.

1002 2408 1029 2458 a,
1041 2394 1085 2461 bb,
1097 2394 1153 2469 bl),
1165 2408 1193 2453 et
1204 2396 1241 2453 ibi
1250 2398 1392 2456 mnareris.
1408 2398 1478 2472 Ergo
1490 2415 1628 2459 curramus
1640 2402 1790 2461 addomutn

1001 2486 1118 2557 Domini,
1133 2496 1161 2543 et
1172 2490 1357 2559 perveniamus
1371 2491 1405 2547 ad
1416 2492 1551 2549 ciuitatem
1564 2492 1697 2551 ubistent
1707 2494 1791 2565 pedet

1003 2580 1104 2648 nostri;
1120 2580 1319 2654 civitatemque
1330 2583 1508 2653 edificaturut
1517 2585 1615 2652 eicitur,
1626 2584 1699 2657 enjus
1711 2586 1790 2655 perti·

1002 2669 1095 2740 siparia
1104 2671 1158 2739 einr
1167 2672 1321 2742 inidipsum.
1332 2672 1402 2741 Quid
1415 2675 1486 2731 cuim
1498 2674 1580 2732 debes
1594 2684 1685 2733 tenere
1694 2676 1706 2732 i
1713 2676 1796 2745 Quod

1002 2776 1052 2834 pro
1067 2771 1093 2819 te
1107 2762 1190 2821 iactus
1204 2774 1245 2821 est
1256 2763 1387 2834 Christus,
1401 2767 1463 2837 quum
1478 2768 1535 2837 lpse
1555 2766 1732 2825 estlllnietos
1743 2784 1751 2836 ;
1764 2778 1791 2825 et

1003 2854 1060 2924 ipse
1073 2852 1195 2911 Cltristus
1208 2864 1280 2913 recte
1292 2856 1457 2929 intelligitur,
1471 2858 1527 2931 Epo
1538 2876 1594 2914 runt
1607 2862 1651 2929 gui
1662 2876 1727 2927 sura,
1739 2872 1790 2931 qtte

1002 2943 1084 3001 modo
1105 2952 1146 3001 est
1167 2945 1195 3007 in
1208 2944 1292 3003 lorma
1306 2946 1364 3003 lici.
1382 2946 1429 3003 Ubi
1445 2962 1498 3005 non
1517 2948 1635 3019 rapinam
1649 2948 1793 3007 arbitratus

1002 3042 1044 3090 est
1059 3047 1118 3089 esse
1130 3035 1239 3105 aequalis
1255 3035 1310 3092 lieo
1324 3034 1453 3110 (Plrilipp.
1467 3053 1496 3106 n,
1512 3038 1551 3108 6),
1565 3038 1601 3095 ibi
1611 3046 1652 3097 est
1664 3038 1791 3109 idipsum.

1003 3122 1039 3181 lit
1052 3134 1140 3181 auem
1151 3123 1276 3183 ellieiaris
1291 3134 1318 3195 tu
1332 3128 1466 3197 particeps
1476 3128 1502 3183 in
1513 3128 1638 3199 idipsum,
1653 3126 1741 3185 laetus
1751 3140 1795 3189 eet

1003 3213 1062 3285 ipse
1080 3214 1154 3287 prior
1167 3214 1299 3287 particeps
1313 3214 1371 3281 tni;
1385 3214 1538 3273 etlerbum
1553 3232 1617 3274 earo
1630 3216 1729 3275 betete
1738 3228 1796 3277 est.

1002 3312 1033 3359 ut
1046 3318 1108 3361 caro
1121 3305 1261 3375 participet
1275 3304 1398 3364 Verbtun.
1421 3305 1489 3376 Quia
1500 3320 1573 3363 ‚tero
1591 3306 1662 3378 quod
1675 3308 1794 3365 llerbnrn

1002 3410 1066 3455 cero
1080 3395 1177 3453 iactum
1191 3404 1270 3453 estet
1283 3397 1409 3454 habitauit
1421 3396 1673 3471 innobet-loona,
1687 3399 1746 3471 ιι),
1757 3414 1791 3455 er

1003 3488 1105 3548 semine
1126 3490 1201 3545 venit
1215 3488 1365 3557 Abrabam
1382 3489 1541 3559 promissum
1554 3498 1694 3563 astantem
1709 3490 1793 3547 Abra·

1004 3578 1046 3635 bre
1061 3588 1088 3635 et
1099 3578 1172 3635 isaac
1185 3588 1214 3661 ep
1229 3576 1325 3647 iacob,
1336 3579 1407 3651 quod
1422 3580 1447 3637 in
1461 3581 1564 3637 semim
1576 3596 1669 3641 eorum
1682 3580 1792 3639 bened·

1003 3680 1130 3727 serentur
1139 3685 1233 3727 omnes
1247 3681 1338 3741 gentes
1351 3670 1425 3742 (Gen.
1441 3687 1510 3738 nno,
1524 3672 1590 3742 ιιι),
1605 3680 1633 3729 ει
1646 3671 1707 3729 inde
1720 3672 1796 3726 ride·

1004 3776 1064 3816 ntus
1080 3760 1223 3817 Ecclesiam
1238 3769 1295 3816 tato
1306 3762 1371 3817 orbe
1381 3760 1503 3817 dilittsum
1520 3778 1528 3817 ε
1543 3760 1705 3833 loquitunad
1720 3760 1795 3817 inlita

1005 3850 1156 3906 moeliens.
1169 3849 1333 3908 Firmitutem
1348 3850 1437 3907 cordis
1451 3850 1583 3921 quesivit,
1597 3866 1659 3907 cum
1673 3851 1795 3923 diceret,

1005 3941 1061 4014 Ego
1072 3958 1128 3998 runt
1140 3942 1183 4013 qui
1196 3958 1268 3997 rum:
1278 3942 1428 3999 llrrnitatcnr
1438 3943 1665 4015 cordisquesivit,
1673 3942 1794 4001 etaciom

1004 4030 1235 4105 contemplationis
1248 4041 1375 4100 erectam,
1388 4048 1448 4089 enm
1461 4033 1539 4103 dixit,
1553 4033 1603 4101 Qui
1613 4042 1660 4100 ert,
1673 4034 1741 4091 misit
1755 4050 1796 4089 une

1005 4124 1040 4181 at
1053 4142 1107 4181 uos.
1120 4123 1173 4182 Sed
1187 4125 1305 4181 nondum
1320 4126 1402 4183 babes
1416 4125 1485 4185 torte
1496 4125 1802 4197 *contemplationem-u

1005 4218 1059 4275 noli
1081 4216 1214 4286 delicere,
1237 4218 1292 4279 noli
1314 4218 1466 4290 desperare.
1489 4219 1539 4287 Qui
1560 4226 1611 4285 est,
1632 4218 1717 4277 rotun
1736 4234 1803 4277 esso

1007 4309 1102 4376 borno,
1114 4317 1143 4365 ut
1156 4316 1184 4365 tu
1196 4322 1244 4377 εις
1259 4317 1288 4365 ει
1307 4309 1368 4367 ideo
1386 4319 1493 4367 secutus
1512 4309 1646 4383 aitbleysi
1660 4310 1736 4382 quasi
1750 4325 1798 4366 ex..

1006 4401 1160 4472 patescenti
1174 4414 1282 4457 nomen.
1295 4400 1372 4470 Quod
1385 4402 1504 4461 nomenl
1522 4402 1598 4469 Quod
1613 4413 1663 4469 est,
1684 4402 1741 4459 litt.
1761 4401 1804 4457 ιι.

1006 4490 1081 4557 dicit,
1094 4491 1188 4562 lnquit,
1199 4490 1322 4547 Dominus
1331 4492 1493 4565 addiceres,
1508 4492 1564 4565 Epo
1576 4510 1633 4549 rum
1641 4492 1708 4549 Deus
1717 4494 1798 4549 atre

1007 4586 1078 4653 bertr,
1093 4594 1117 4641 et
1131 4584 1199 4641 nur
1213 4581 1306 4651 itaer,
1328 4593 1352 4639 et
1375 4583 1443 4639 Deua
1454 4584 1534 4639 locui
1549 4601 1559 4641 .·
1572 4587 1619 4640 ltoe
1632 4585 1695 4641 milti
1707 4600 1805 4641 nouus

1009 4687 1045 4733 eat
1059 4678 1086 4730 in
1101 4684 1223 4731 eternum
1242 4674 1338 4746 (Εεοιι.
1361 4684 1400 4744 tu,
1416 4676 1526 4745 ιιι-ιι).
1541 4676 1601 4732 Noli
1613 4676 1647 4733 de
1663 4686 1689 4733 te
1702 4677 1801 4747 despe-

1007 4782 1079 4835 rare,
1095 4768 1156 4838 quia
1175 4766 1240 4831 dixi,
1253 4764 1310 4837 ligo
1329 4782 1385 4823 turre
1398 4768 1442 4837 gni
1465 4784 1531 4835 mnu,
1546 4777 1582 4831 et,
1607 4768 1658 4833 Qui
1670 4777 1715 4833 ert,
1730 4770 1801 4823 nulrit

1008 4874 1050 4913 nte
1069 4858 1103 4913 od
1117 4872 1160 4913 nor
1174 4873 1185 4911 .·
1199 4858 1261 4925 quia
1285 4865 1312 4911 tu
1336 4858 1416 4913 modo
1438 4856 1560 4925 linetuas,
1575 4865 1602 4912 et
1624 4858 1799 4915 mutabilitate

1008 4964 1099 5006 rerum
1110 4958 1137 5006 et
1147 4948 1452 5005 uarietaternortalitatis
1462 4950 1585 5005 leomansi
1596 4950 1797 5019 percipersoou

1010 5050 1086 5111 potes
1097 5039 1167 5110 qtrod
1180 5048 1222 5097 est
1235 5038 1362 5111 idipsum.
1377 5040 1432 5111 Ego
1441 5039 1585 5105 ducendo,
1596 5038 1657 5107 quia
1671 5048 1698 5094 tu
1708 5040 1800 5097 uenite

1011 5148 1064 5191 nen
1084 5142 1172 5204 potes.
1188 5132 1244 5204 Ego
1255 5148 1313 5189 tum
1323 5132 1392 5187 Deus
1403 5133 1541 5196 Abrabam,
1556 5140 1579 5185 et
1591 5130 1661 5187 Date
1674 5127 1761 5198 Irene,
1771 5141 1801 5191 ,et

1010 5222 1080 5281 Deus
1101 5222 1191 5281 desole.
1207 5225 1235 5279 lu
1256 5223 1358 5279 minine
1381 5222 1515 5279 Abrabam
1537 5236 1616 5293 spera
1639 5221 1748 5292 aliquid,
1772 5231 1806 5277 ut

1011 5314 1163 5372 eoodrmari
1177 5314 1264 5387 possis
1277 5314 1310 5369 ad
1325 5311 1465 5369 ridendum
1478 5312 1523 5382 qui
1545 5312 1617 5367 venit
1629 5311 1663 5369 ad
1677 5321 1703 5368 te
1717 5312 1744 5366 iu
1756 5327 1800 5369 se·

1011 5408 1084 5465 mine
1097 5407 1222 5464 Abrabae.

1048 5500 1075 5557 6.
1097 5500 1166 5571 Ergo
1179 5499 1230 5553 boe
1243 5505 1284 5553 est
1298 5496 1410 5566 idipsum
1428 5494 1527 5569 dequo
1541 5495 1704 5563 dictumest,
1718 5496 1801 5553 nuu-

1045 5658 1053 5689 ¹
1066 5653 1178 5717 rlerlque
1185 5657 1251 5711 uss,
1262 5648 1395 5715 mrdueere
1406 5648 1482 5701 oeitm
1491 5612 1583 5712 mouit,
1592 5650 1726 5715 per-tueare
1734 5646 1802 5713 intrim

1013 5718 1119 5771 nutmem
1128 5714 1232 5767 mettis

1048 5779 1134 5831 ¹nitet·
1147 5790 1161 5827 s
1172 5776 1241 5827 corb.
1254 5780 1317 5835 iles,
1332 5772 1426 5835 senten.
