4084 6367
278 319 362 397 ‘tus
905 295 1142 384 s.tuetttttttt
1158 295 1331 379 trtscon.
1854 301 1930 386 (tm

291 442 336 514 qni
346 437 446 510 iudeus
457 451 501 494 tor
513 435 557 508 out
567 431 734 506 totioopunt,
747 430 772 483 et
785 423 848 502 ducit
862 439 910 496 tn,
923 422 1043 498 quonum
1055 427 1083 476 to
1134 420 1222 498 justus
1238 423 1341 498 indes?
1361 423 1428 494 doto
1450 423 1543 482 ionum
1557 433 1683 492 cotoneo
1701 426 1803 500 certnui¹
1827 446 1929 490 cursum

291 533 397 606 effodiet
412 530 542 603 judiciem
553 525 622 584 Dei?
635 523 670 580 m
679 520 756 601 quast
774 518 894 582 diceret,
907 514 996 582 Quare
1015 513 1084 570 iccio
1137 519 1317 588 consumenti,
1329 517 1406 590 pidem
1419 521 1524 576 toroni.
1537 520 1598 578 ideo
1608 520 1695 595 justus
1706 538 1759 580 non
1776 531 1865 595 potest
1876 523 1927 584 nisi

293 635 364 684 tento
378 624 447 681 mtto
459 606 594 695 quotidie,
609 627 636 674 et
648 615 713 671 nibil
728 612 789 669 moti
803 610 868 666 mibi
882 605 1030 679 contingit?
1043 619 1086 662 se·
1105 673 1107 684 Ι
1137 625 1266 667 coronare
1279 611 1339 667 isto.
1353 610 1455 670 invenit
1464 612 1534 668 enim
1548 613 1597 686 ista
1607 630 1667 686 quoe
1677 625 1819 674 coronaret
1830 633 1837 672 :
1848 627 1926 676 entes

292 727 369 777 entus
382 714 498 773 obtendit
511 710 550 767 iili
570 719 675 778 iemptib
695 702 906 761 miserimrdiaet
922 699 964 756 dtr
984 697 1085 752 diuitias
1137 718 1200 760 vero
1213 705 1275 778 quid
1292 706 1444 762 invenerat?
1461 706 1511 775 Qui
1525 707 1595 778 prim
1607 709 1646 782 {roi
1657 709 1818 781 blasphema
1831 719 1855 766 et
1867 728 1928 786 m.

292 806 461 882 beoipos'totis,
476 799 654 876 apodemius,
668 806 693 855 ct
714 793 912 875 torpooimitotis
926 793 981 863 ejus
1000 797 1086 865 conte-
1136 807 1244 852 secutor.
1256 795 1307 857 bsto
1319 798 1437 870 donarit,
1450 799 1494 858 iiia
1506 800 1661 872 coronabit3
1672 801 1781 859 donarit
1795 801 1852 860 boec
1862 812 1929 862 mm

293 896 380 958 mois?
393 898 426 954 ιιι
439 887 852 965 verequtoboecontcmnebot3
868 884 915 940 sed
934 872 1085 974 tecitillum
1137 905 1203 964 poro
1226 892 1427 962 misericofffiae,
1449 892 1589 950 epompio
1610 893 1654 966 ιιι,
1678 903 1797 966 [empore
1815 893 1928 966 judicii:

292 993 445 1052 tortiorum.
459 988 586 1062 rqiero,
601 985 694 1057 tonuit
709 977 978 1055 comtemtores·
991 975 1040 1030 θα·
1052 973 1086 1029 od
1137 986 1215 1060 quta,
1229 985 1464 1058 potentorum
1472 988 1600 1058 roriston
1618 989 1723 1046 cnoro
1737 989 1798 1056 troo,
1811 988 1930 1046 nostro.

292 1086 463 1160 portitendom
480 1077 644 1137 readducit?
664 1076 734 1133 Ecce
757 1082 862 1144 tempus
883 1065 1084 1127 misericordius.
1139 1080 1192 1142 Sed
1215 1081 1344 1154 numquid
1366 1081 1440 1140 solus
1461 1081 1558 1140 paulus
1581 1081 1607 1138 id
1634 1081 1750 1138 mesum
1776 1081 1833 1140 ΗΜ
1858 1082 1931 1140 enim

291 1177 331 1236 Ne
342 1185 429 1234 antem
444 1175 495 1231 ¹1⁰⁰
513 1172 557 1229 1¹¹0
569 1184 676 1242 “miei
687 1175 793 1240 9⁰¹³&
802 1165 935 1230 mmmm»
951 1157 1086 1232 t⁰⁰¹¹¹⁰d⁰
1138 1174 1276 1244 dixeram,
1292 1174 1425 1250 quomodo
1439 1175 1466 1232 in
1478 1175 1525 1232 ilio
1547 1175 1700 1233 testimonio
1715 1175 1827 1242 terruit,
1841 1175 1882 1232 sic
1904 1175 1931 1232 in

292 1281 401 1328 ocutos
416 1285 477 1327 eum
500 1265 611 1324 eruit?
629 1263 670 1320 To
684 1271 767 1318 estem
783 1259 856 1333 (iam
869 1269 976 1329 empus
994 1248 1086 1326 indidi
1138 1267 1191 1341 oso
1203 1267 1297 1325 cresto.
1312 1267 1379 1326 uum
1394 1267 1514 1333 urimo,
1527 1266 1625 1329 oecon
1639 1266 1872 1325 „retributurum
1886 1267 1932 1324 ruo

292 1365 373 1432 1116ῑὶ
388 1361 485 1420 6116ῑὸῑί
498 1370 604 1432 bembus
622 1355 810 1414 ffliSfflfflidfffi
821 1395 830 1422 s
843 1359 952 1431 6601661·
961 1337 1087 1428 cnfffl·
1139 1364 1180 1420 tte
1189 1365 1276 1437 justus
1282 1364 1384 1436 judeo:
1404 1379 1455 1419 troo
1467 1364 1549 1420 totum
1562 1363 1634 1432 mibi,
1651 1363 1746 1436 inquit,
1758 1363 1803 1418 sed
1815 1363 1933 1418 cornibus

293 1458 408 1514 cordiam
420 1466 444 1511 et
452 1454 580 1527 judicium
589 1450 695 1506 cantabo
706 1449 758 1516 tibi,
771 1445 888 1516 Domine)
903 1462 910 1499 :
924 1441 965 1500 Tu
982 1453 1085 1526 nutem,
1139 1457 1181 1524 qm·
1203 1456 1312 1528 primm
1328 1455 1557 1526 mmmmm
1574 1463 1598 1512 ,ι
1611 1471 1715 1530 nanum
1736 1455 1793 1528 eju,
1815 1453 1849 1528 (ιι
1863 1453 1931 1508 Tem,

292 1551 395 1622 inquit,
408 1547 545 1605 mundum
557 1545 677 1600 duritiem
686 1539 770 1598 cordis
782 1539 820 1594 tui
829 1548 852 1594 et
861 1553 905 1594 cor
917 1537 1086 1608 impoenitens,

294 1642 449 1698 tbcsourizor
459 1638 503 1695 tibi
513 1638 613 1694 bromio
625 1637 666 1691 die
675 1637 721 1691 iroe
731 1644 755 1690 et
763 1626 1089 1700 reoetortomjomjnotctt

293 1729 353 1805 Dei,
372 1733 416 1807 qui
429 1731 517 1789 reddet
531 1729 666 1801 unicnique
677 1725 814 1785 secundom
833 1739 911 1795 opero
931 1738 977 1778 ruo
1000 1719 1087 1793 (Dono.

292 1845 328 1897 ιι,
343 1823 379 1887 3·
389 1827 427 1901 6).
443 1824 522 1894 Ecce,
535 1821 736 1880 Misericordiam
748 1829 772 1878 et
782 1818 909 1892 judicium
918 1813 1024 1870 cantabo
1034 1811 1088 1878 titt,

294 1919 413 1976 Domine.
426 1918 479 1976 Sed
499 1917 616 1973 minatus
630 1923 672 1972 est
688 1913 724 1970 de
739 1911 857 1984 judicio:
880 1907 1008 1980 numquid
1029 1905 1090 1961 ideo

294 2015 421 2087 judicium
436 2012 485 2069 Dei
500 2009 683 2068 tantummodo
705 2004 901 2063 formidandum
916 2010 968 2070 est,
992 2007 1019 2056 et
1036 2015 1090 2058 non

295 2105 461 2164 emendum?
486 2101 693 2160 Formidendum
721 2096 799 2158 molis
828 2103 937 2168 propter
962 2108 1089 2166 mount,

295 2197 438 2254 rotondum
457 2196 534 2252 botris
547 2201 655 2268 propter
670 2205 808 2248 coronam.
826 2186 893 2256 Quia
914 2200 978 2258 ergo
996 2183 1092 2242 terruit

295 2290 381 2349 molus
393 2288 537 2359 Apostolus
559 2287 586 2342 in
599 2286 651 2342 boc
670 2280 822 2340 testimonio
834 2279 905 2353 quod
924 2291 1091 2366 commem07

294 2376 363 2453 reri,
383 2382 444 2439 orodi
461 2381 506 2439 ubi
519 2395 594 2452 spem
613 2378 660 2434 dut
681 2376 758 2432 bonis
778 2375 813 2431 de
833 2372 941 2446 judicio.
967 2369 1091 2444 seipsum

294 2479 380 2552 ponit,
392 2486 418 2534 et
430 2475 504 2542 dicit,
515 2482 542 2529 et
554 2469 670 2528 ostendit
678 2479 707 2526 et
715 2469 773 2542 ipse
785 2467 812 2524 in
825 2483 855 2524 se
868 2475 972 2538 tempus
984 2460 1091 2519 miseri-

295 2568 404 2626 cordiec.
419 2565 485 2634 Quia
500 2563 551 2620 nisi
565 2563 662 2634 etipse
676 2561 809 2616 inueniret
821 2570 924 2630 tempus
937 2557 1091 2614 misericor·

295 2662 356 2728 dire,
371 2662 476 2734 quatem
491 2657 565 2714 ilium
578 2655 709 2712 inveniret
718 2654 868 2725 judicium?
882 2652 1091 2735 blasphemum,

295 2762 504 2831 persecutorem,
516 2751 684 2820 injuriosum.
695 2749 739 2805 Sic
749 2749 820 2804 eninr
831 2747 904 2816 dicit,
916 2753 943 2803 et
955 2761 1092 2802 commen·

295 2845 341 2902 dot
353 2855 457 2918 tompus
471 2840 660 2899 nrtsertcortto
672 2882 680 2909 ,
694 2839 721 2896 in
740 2855 793 2912 quo
807 2838 888 2895 modo
903 2853 1016 2895 sumus:
1042 2837 1093 2908 Qui

296 2940 377 3014 prino
394 2938 499 3010 inquit,
518 2935 557 3011 sui
568 2933 738 3006 biorpdemus,
760 2943 784 2988 et
805 2940 958 3005 percontor,
978 2941 1002 2986 et
1023 2931 1093 3004 inju-

282 3031 395 3106 riosum
409 3031 454 3087 red
475 3029 673 3085 nrbemcordiom
693 3037 839 3084 connector
860 3043 926 3084 tum.
946 3025 1001 3084 Sed
1023 3024 1092 3083 forte

295 3121 353 3200 ipse
365 3110 438 3178 solus
456 3131 614 3178 consecutus
634 3131 675 3177 est
690 3119 916 3178 misericordiam?
937 3118 1005 3174 Audi
1026 3133 1091 3192 quo·

295 3213 376 3271 modo
388 3229 437 3269 nos
449 3213 533 3286 erigat
545 3231 551 3268 :
565 3211 600 3270 tn
613 3213 640 3268 in
654 3229 709 3278 me,
721 3211 818 3286 inquit,
827 3210 967 3268 ostenderet
977 3209 1092 3268 Christos

295 3305 371 3362 Jttttt
384 3323 482 3361 omnent
496 3305 727 3382 tonqonimituttm,
741 3306 774 3360 od
787 3305 992 3378 informationem
1003 3322 1092 3362 eorum

295 3399 339 3470 oui
352 3397 471 3453 creditori
489 3407 548 3456 tunt
563 3399 601 3454 tto
612 3399 640 3453 io
653 3399 730 3453 citone
748 3407 869 3453 oetmrrom
881 3384 905 3470 (i
918 3390 987 3453 'Tior-
999 3412 1023 3464 ι,
1040 3397 1090 3466 ib,

296 3489 353 3561 id).
374 3489 443 3560 Quid
467 3496 517 3556 est,
538 3488 566 3542 in
579 3504 619 3543 me
641 3488 780 3544 ostenderet
800 3488 1038 3562 tenpooion'tcteor?
1056 3487 1092 3571 )Ιι

296 3583 478 3655 unusquisque
490 3590 618 3654 peccator
632 3589 659 3637 et
672 3581 817 3637 sceleratus
830 3579 934 3636 videret
946 3580 1009 3652 quio
1020 3579 1091 3638 Pou-

295 3671 338 3730 lus
352 3673 455 3745 accepit
476 3671 592 3741 renium,
615 3681 643 3730 et
667 3687 719 3731 non
738 3671 774 3728 de
787 3688 818 3729 se
835 3671 1001 3743 desperaret.
1023 3671 1093 3731 Ecce

295 3766 414 3822 ostendit
425 3781 465 3835 se,
478 3766 563 3822 erexit
582 3774 609 3822 et
620 3765 697 3820 otios.
714 3762 783 3820 Ubii
796 3761 827 3820 ln
845 3771 965 3834 tempore
988 3763 1091 3820 miseri·
1109 3813 1115 3825 ,

253 3905 259 3912 .
296 3857 405 3913 cordiae.
419 3854 486 3913 dudi
500 3856 528 3912 in
545 3864 665 3926 tempore
674 3852 767 3926 judicii
785 3853 850 3928 quid
861 3853 933 3910 dicet
947 3853 1092 3927 debonis,

296 3948 395 4033 iterum
406 3950 499 4008 dicens
510 3949 545 4006 de
558 3963 588 4006 se
600 3958 627 4005 ct
639 3947 673 4006 de
685 3947 755 4004 otiis.
770 3947 860 4025 Primo
880 3947 1092 4021 misericordium

297 4049 456 4106 consecutus
468 4048 519 4098 est.
532 4040 641 4111 Quare?
653 4037 719 4109 Quin
733 4037 783 4097 tuit
794 4037 982 4110 blasphemus,
993 4048 1021 4095 et
1034 4054 1093 4115 per·

297 4144 423 4206 secutor,
443 4143 472 4190 et
491 4131 645 4206 injuriosus.
671 4130 750 4188 Venit
771 4131 901 4188 Dominus
926 4141 956 4188 ut
980 4134 1094 4193 donaret

298 4223 401 4292 Ponto,
415 4239 469 4281 non
485 4232 513 4281 ut
526 4222 660 4280 redderet
675 4221 741 4278 Nam
754 4221 778 4280 si
790 4222 905 4281 reddere
917 4222 1013 4291 vellet,
1029 4218 1094 4296 quid

298 4319 431 4378 inveniret
451 4315 522 4392 qnod
543 4315 668 4373 redderet
688 4315 834 4388 peccatori,
859 4313 910 4391 nisi
934 4326 1042 4388 poenom
1066 4324 1094 4374 et

299 4411 481 4485 supplicium?
492 4408 583 4466 Noluit
596 4407 709 4466 reddere
721 4424 839 4481 poenom,
851 4407 900 4466 sed
912 4409 1023 4488 donarit
1034 4425 1095 4482 gra-

300 4506 375 4562 tiam.
397 4502 469 4560 Audi
487 4503 548 4576 quin
570 4502 615 4560 ibe
636 4503 678 4559 eui
702 4504 828 4572 donarit,
853 4510 928 4562 termt
951 4503 1094 4563 Dominum

300 4598 380 4672 etium
404 4595 562 4654 debitorem.
587 4594 690 4654 Invenit
711 4612 773 4654 eum
794 4595 952 4663 donatorem
975 4606 1095 4668 tempore

300 4691 509 4762 misericordior,
523 4700 597 4750 tenet
606 4692 754 4750 debitorem
772 4702 892 4764 tempore
901 4692 1008 4769 judicii.
1023 4689 1096 4764 Quo·

301 4786 382 4860 modo
396 4783 449 4842 boc
462 4785 537 4862 dicit,
552 4785 650 4843 ridete.
665 4784 724 4862 Epo
734 4786 799 4842 coitu
807 4788 865 4858 jorn
875 4787 1003 4854 inroretur,
1015 4785 1094 4856 dixit,

301 4891 324 4936 et
339 4892 437 4954 tenipus
449 4881 610 4940 reeotortoots
623 4897 685 4937 metr
698 4881 843 4954 morionum
858 4889 905 4939 ot.
919 4879 1020 4938 Boreum
1039 4897 1096 4936 eer-

301 4983 386 5030 temeo
395 4973 499 5042 certoor',
512 4989 615 5048 ursum
625 4974 805 5041 commorari,
818 4973 1011 5046 fideotmroui.
1028 4971 1096 5046 troc,

302 5077 422 5140 tempore
434 5067 646 5136 misericordias,
659 5068 721 5128 nudi
734 5068 768 5126 de
776 5067 888 5142 jndicio.
900 5069 940 5124 De
949 5077 1041 5126 cetero
1050 5083 1097 5127 ru·

304 5173 386 5234 pacet
397 5164 462 5230 ruiti
472 5179 565 5222 corono
576 5161 694 5235 t'flt‘ffioes
707 5177 783 5234 mom
798 5161 887 5227 reddet
897 5162 960 5222 tuiti
972 5159 1096 5233 Demitur

302 5257 330 5314 io
341 5259 388 5320 nto
399 5257 531 5328 dicituro
538 5257 632 5330 iudeo·
644 5257 702 5323 Non
715 5255 803 5326 dixit,
815 5255 913 5322 donnt;
929 5254 989 5325 sed,
997 5255 1095 5330 reddet.

304 5349 417 5418 Quando
428 5349 553 5418 omarus,
567 5349 720 5406 misericors
730 5357 803 5416 erct3
818 5347 926 5418 quoodo
936 5347 1042 5418 reddet,
1050 5347 1097 5420 jn-

304 5437 357 5501 det
371 5441 440 5499 erit:
454 5441 527 5513 duit,
538 5440 774 5498 Misericordicmrt
781 5439 911 5512 iudicitur
921 5442 1028 5496 uncto
1041 5440 1096 5507 tibi,

305 5529 424 5588 Domine.
438 5532 491 5591 Sed
511 5534 635 5592 domodo
649 5533 764 5601 delicto,
779 5532 843 5590 tecit
856 5549 885 5590 se
899 5547 1005 5590 comme
1023 5532 1099 5592 debi-

304 5629 414 5681 torem:
430 5626 466 5682 ibi
477 5627 675 5683 odsoicordionr
691 5636 838 5683 consecutus
858 5643 926 5682 suos.
948 5624 1099 5683 Misericors

302 5808 420 5884 roem.
440 5809 518 5873 uoto
536 5809 923 5888 intercontinuante
939 5820 992 5880 eet·
1010 5805 1099 5894 (ltttte

1139 1565 1180 1616 nr,
1193 1550 1264 1621 6-8).

1175 1643 1203 1700 ιι.
1217 1643 1302 1715 troo,
1316 1643 1427 1713 tratres,
1449 1642 1575 1716 quonium
1589 1641 1836 1716 tabennenses
1850 1642 1934 1702 mise-

1140 1733 1279 1802 ricordius,
1294 1749 1350 1792 non
1375 1735 1451 1792 nobis
1474 1733 1661 1803 blandiamur,
1682 1749 1736 1792 non
1751 1748 1800 1790 nos
1814 1732 1936 1792 dimitte·

1141 1839 1223 1892 mus,
1238 1839 1292 1880 non
1306 1825 1427 1880 dicamus
1442 1843 1451 1880 c
1467 1825 1581 1896 Semper
1601 1825 1687 1896 percit
1702 1825 1782 1890 Dens.
1798 1824 1869 1882 Dece
1886 1823 1936 1881 ieci

1142 1917 1220 1984 beri,
1237 1918 1357 1988 pepercit
1369 1919 1456 1986 Deus;
1471 1918 1540 1976 tucio
1549 1929 1576 1974 et
1589 1919 1688 1988 boote,
1704 1927 1731 1976 et
1744 1917 1829 1990 percit
1842 1918 1915 1976 Deus
1928 1935 1935 1986 ;

1141 2008 1237 2069 iccium
1249 2019 1277 2072 et
1289 2025 1368 2079 cros,
1381 2011 1442 2082 quio
1456 2011 1541 2082 percit
1556 2011 1635 2069 Dens.
1649 2009 1772 2066 Attendis
1783 2009 1817 2066 od
1829 2009 1936 2066 miseri·

1141 2105 1279 2170 cordiam,
1289 2113 1318 2162 et
1331 2121 1384 2163 noo
1399 2104 1623 2176 timesiodicium.
1634 2105 1662 2163 Si
1674 2103 1715 2160 ris
1728 2114 1837 2162 moure
1857 2103 1938 2160 mise·

1142 2197 1286 2258 ricordiom
1300 2205 1328 2254 et
1339 2195 1488 2266 diudicium,
1513 2196 1632 2268 intellige
1646 2196 1707 2268 quin
1719 2195 1780 2252 ideo
1793 2195 1900 2266 percit,
1911 2204 1940 2251 ut

1141 2289 1297 2362 corriperis,
1310 2305 1363 2346 ooo
1377 2299 1406 2346 nt
1417 2290 1445 2346 in
1460 2289 1627 2360 roniignitete
1639 2304 1806 2360 permanens.
1816 2288 1879 2346 Noli
1893 2288 1938 2346 tibi

1141 2384 1327 2442 tbesourixxre
1338 2384 1405 2440 imm
1418 2383 1445 2442 in
1459 2383 1504 2446 die
1516 2384 1562 2440 ins
1571 2393 1600 2440 et
1609 2383 1777 2444 resolutionis
1787 2381 1856 2452 jusu
1865 2381 1939 2452 iudi·

1143 2476 1178 2534 cii
1191 2477 1249 2534 Dei.
1263 2475 1329 2546 Quin
1345 2476 1371 2533 in
1384 2485 1504 2546 tempore
1517 2474 1707 2535 misericordis
1722 2475 1748 2530 in
1759 2474 1813 2532 atto
1835 2473 1939 2544 pstlmo

1143 2567 1261 2630 dicitur:
1285 2566 1451 2626 «Peccatori
1474 2575 1563 2626 tutem
1586 2565 1654 2623 dixit
1676 2565 1768 2632 Deos.
1796 2563 1897 2634 Utuuid
1914 2573 1940 2618 tu

1143 2673 1254 2718 enarres
1261 2658 1466 2730 justificationes
1476 2673 1566 2724 mess,
1581 2666 1610 2716 et
1622 2654 1736 2716 assumis
1750 2663 1940 2712 testeorentum

1143 2767 1236 2810 meniu
1249 2767 1298 2824 per
1310 2767 1341 2810 os
1355 2753 1451 2812 tuum?
1465 2752 1506 2809 Tu
1527 2766 1592 2810 rcro
1615 2751 1695 2832 odisti
1709 2748 1900 2820 disciptinom,
1916 2755 1943 2804 et

1143 2845 1263 2915 objecisti
1276 2859 1416 2903 sermones
1429 2859 1506 2902 meos
1516 2856 1576 2916 post
1592 2854 1639 2904 te:
1655 2845 1678 2902 si
1697 2843 1808 2900 ridebas
1830 2841 1940 2910 iurem.

1143 2938 1323 2996 concurrebas
1334 2941 1375 3008 ei,
1389 2949 1417 2997 st
1430 2939 1614 2998 monuments
1627 2939 1776 3010 portionem
1799 2948 1873 2996 tuem
1895 2953 1943 3009 po·

1144 3033 1245 3100 nebeu
1260 3033 1357 3092 sedens
1368 3035 1497 3093 udtmsns
1509 3034 1619 3094 tratrem
1632 3043 1706 3091 tuum
1719 3032 1881 3092 detrahebas
1892 3073 1904 3100 ,
1917 3039 1943 3088 et

1143 3124 1272 3184 adversus
1285 3126 1368 3184 titium
1380 3129 1474 3184 metris
1489 3133 1541 3183 ture
1552 3126 1670 3196 ponebxs
1688 3124 1855 3182 scundeium.
1877 3123 1944 3182 trec

1143 3217 1247 3288 derisu,
1262 3229 1290 3278 et
1303 3219 1384 3278 ueni.
1402 3239 1413 3276 s
1428 3221 1494 3278 tide
1517 3229 1622 3292 tempos
1645 3219 1848 3276 misericordie.
1870 3215 1944 3286 Quid

1143 3323 1201 3381 est,
1212 3315 1302 3370 tocott
1315 3315 1448 3387 Numquid
1461 3355 1469 3383 ‚
1483 3313 1542 3370 bion
1555 3313 1693 3384 corripuit
1706 3311 1758 3368 Sed
1769 3352 1777 3379 ‚
1789 3311 1849 3368 Non
1868 3312 1944 3384 judi·

1144 3407 1213 3465 erni.
1227 3407 1369 3477 eromodo
1390 3413 1461 3468 entm
1482 3417 1553 3466 meet
1579 3408 1625 3479 qui
1646 3406 1765 3478 quotidie
1787 3406 1888 3464 cumn
1918 3407 1945 3464 ix

1144 3495 1309 3578 Summotis,
1325 3507 1353 3564 in
1379 3509 1540 3581 Dvurrsselio,
1567 3507 1594 3564 in
1617 3508 1835 3580 predicatoribus
1859 3503 1945 3560 suist

1144 3601 1227 3660 Taciti
1237 3620 1252 3659 o
1261 3604 1407 3676 supplicio,
1419 3617 1472 3660 non
1487 3619 1503 3661 a
1517 3604 1611 3660 verbo.
1625 3601 1689 3658 Dore
1702 3603 1799 3676 fecisti,
1821 3611 1845 3657 et
1861 3599 1944 3656 tuat.

1144 3695 1345 3772 thuriotocuit
1366 3697 1456 3766 Deos,
1482 3697 1592 3762 idest,
1619 3711 1673 3752 non
1694 3693 1859 3760 vindicerit3
1875 3691 1946 3764 qnid

1144 3791 1196 3850 sibi
1210 3790 1277 3848 dixit
1299 3790 1326 3847 in
1340 3791 1422 3848 eorde
1437 3789 1576 3862 peccatori
1596 3788 1686 3846 Audi:
1714 3787 1869 3860 Suspicatus
1894 3803 1944 3857 er,

1144 3885 1245 3956 inquit,
1272 3883 1445 3954 iniquitatem,
1461 3883 1530 3952 qnod
1542 3897 1585 3938 ero
1598 3881 1643 3936 tibi
1660 3881 1761 3937 sinitis.
1777 3880 1882 3950 idest,
1898 3895 1945 3952 px·

1145 3991 1205 4033 rum
1220 3974 1337 4048 estquis
1351 3983 1379 4031 tu
1396 3975 1457 4031 tuiis
1469 3989 1546 4040 eros:
1562 3982 1591 4031 et
1613 3988 1657 4030 mc
1670 3973 1750 4030 telem
1773 3975 1888 4045 putasti.
1911 3971 1946 4027 m

1144 4085 1206 4126 cnm
1220 4069 1383 4127 ostendisset
1397 4067 1436 4126 iiii
1450 4079 1554 4141 tempus
1573 4067 1783 4136 misericordiae‚
1797 4066 1899 4122 terruit
1910 4063 1944 4121 de

1145 4171 1268 4233 tempore
1278 4159 1388 4230 iudicii:
1404 4159 1517 4234 Aequom
1526 4169 1567 4228 te,
1581 4169 1605 4215 et
1616 4167 1729 4214 rtotnnru
1742 4166 1766 4212 te
1776 4163 1835 4212 nnts
1848 4158 1945 4228 facien

1146 4263 1216 4310 tuom
1226 4251 1313 4326 (Psoi.
1327 4269 1390 4310 xorx
1404 4295 1412 4322 ‚
1437 4250 1542 4328 tort).
1558 4251 1598 4308 Tu
1612 4259 1639 4308 te
1652 4252 1730 4322 ponis
1743 4259 1804 4322 post
1817 4241 1866 4315 te.
1895 4263 1947 4322 ego

1144 4355 1172 4404 tc
1186 4362 1284 4421 ponam
1299 4352 1361 4404 ente
1383 4355 1419 4404 te.
1434 4345 1529 4403 Omnis
1554 4347 1624 4402 euim
1639 4345 1684 4416 qui
1700 4359 1753 4400 oon
1767 4344 1823 4399 vult
1848 4342 1946 4400 ridere

1146 4451 1255 4513 peccota
1268 4455 1325 4507 suo,
1337 4451 1398 4511 post
1411 4439 1520 4496 dorsum
1533 4453 1563 4497 se
1575 4439 1695 4510 penitet
1707 4437 1820 4494 eliorum
1829 4441 1947 4506 memte

1146 4542 1223 4590 acute
1233 4533 1364 4602 attendit,
1378 4548 1430 4590 non
1442 4547 1491 4604 per
1504 4531 1683 4606 diligentium,
1698 4532 1745 4588 sed
1758 4546 1807 4603 per
1818 4530 1948 4586 inriden-

1147 4627 1228 4694 tiom;
1250 4641 1303 4682 non
1322 4627 1416 4683 rolens
1430 4641 1544 4696 sunere,
1566 4625 1613 4682 sed
1635 4639 1827 4682 accusarent
1850 4634 1947 4680 tutem

1147 4717 1322 4776 obliviscitur.
1337 4719 1415 4777 Unde
1429 4719 1525 4776 talibus
1535 4717 1665 4775 Dominus
1674 4717 1739 4774 dicit
1749 4759 1757 4781 .
1769 4717 1906 4788 stipitum
1920 4717 1948 4771 ιιι

1148 4815 1221 4870 oculo
1231 4813 1319 4884 [ratris
1334 4813 1371 4870 tui
1379 4813 1463 4882 tides,
1475 4823 1498 4869 et
1520 4813 1614 4869 trobem
1627 4813 1654 4868 iu
1667 4815 1741 4868 oculo
1754 4820 1797 4867 ttro
1809 4827 1863 4867 non
1876 4811 1949 4867 ridet

1149 4903 1254 4979 (botro.
1279 4921 1336 4977 vn,
1351 4907 1390 4979 5).
1405 4906 1472 4976 Quin
1487 4921 1550 4978 ergo
1564 4903 1749 4962 misericordie
1764 4913 1791 4960 et
1810 4903 1948 4974 judicium

1148 5009 1270 5058 cantatur
1284 5001 1371 5070 nobis,
1384 5007 1411 5057 et
1426 5015 1474 5055 oros
1488 4997 1615 5056 incientes
1631 4997 1842 5054 misericordium
1852 4997 1950 5054 securi

1148 5105 1336 5170 exspectemus
1355 5095 1483 5167 iudicium
1497 5112 1505 5151 :
1519 5103 1548 5150 et
1566 5095 1650 5149 simus
1664 5093 1690 5149 in
1708 5107 1821 5162 corpore
1834 5091 1927 5162 ipsius
1941 5133 1950 5158 ‚

1149 5197 1177 5247 et
1191 5204 1239 5246 nos
1253 5196 1391 5245 cantemus
1406 5202 1447 5243 ee.
1471 5185 1567 5243 Conui
1591 5185 1663 5243 cnim
1689 5185 1740 5241 boc
1756 5183 1883 5240 Christus
1900 5203 1908 5242 r
1927 5185 1952 5240 si

1150 5267 1236 5340 sol'um
1250 5290 1329 5356 ceput
1342 5289 1448 5346 cuntot,
1464 5295 1481 5336 a
1496 5279 1609 5336 Domino
1623 5288 1663 5335 est
1676 5278 1808 5335 conticium
1822 5275 1877 5332 boc
1892 5319 1901 5346 ,
1915 5279 1952 5334 nd

1150 5392 1200 5434 nos
1214 5391 1268 5432 non
1281 5374 1412 5448 pertinet;
1427 5373 1450 5430 si
1461 5381 1550 5430 autem
1564 5379 1634 5429 totns
1647 5365 1769 5428 Citristus
1779 5412 1787 5439 ,
1797 5369 1823 5426 id
1839 5379 1885 5426 est
1900 5385 1953 5425 cu·

1149 5478 1197 5544 put
1208 5479 1236 5524 et
1249 5481 1347 5540 corpus
1358 5467 1417 5539 ejus
1429 5508 1437 5534 ,
1450 5477 1509 5525 esto
1521 5466 1686 5524 inmembris
1697 5465 1773 5537 eius,
1783 5461 1900 5523 cdbaerc
1911 5463 1953 5518 itti

1151 5577 1200 5634 per
1212 5557 1303 5627 iidem,
1314 5569 1342 5616 et
1354 5573 1402 5630 per
1414 5575 1505 5632 spem,
1522 5569 1548 5616 et
1562 5574 1612 5631 per
1624 5557 1799 5624 charitatem
1815 5565 1843 5612 et
1853 5555 1884 5610 in
1901 5551 1953 5609 nto

303 5727 371 5788 erdo
382 5705 511 5777 Dominus
523 5717 620 5792 primo,
634 5717 678 5784 hic
691 5728 782 5777 nutem
795 5718 883 5774 reddet
895 5717 957 5774 mitri
971 5732 1099 5775 coronam
1151 5661 1243 5748 m
1252 5695 1261 5722 ’
1271 5654 1299 5762 ιίῃ
1313 5653 1361 5711 mo
1373 5655 1492 5712 emm
1505 5654 1515 5686 ί
1529 5670 1538 5709 ³
1552 5653 1613 5724 quia
1624 5659 1651 5710 οἱ
1664 5651 1723 5722 ipse
1737 5649 1765 5710 in
1775 5657 1803 5708 ω
1817 5647 1952 5721 labom’

1187 5819 1195 5854 ¹
1208 5819 1245 5872 sic
1255 5817 1370 5888 plerique
1377 5825 1432 5882 ιιι.
1443 5811 1548 5890 dudd,
1556 5817 1636 5878 ttdtttt,
1644 5811 1670 5895 trs
1679 5809 1723 5867 rte
1731 5807 1836 5896 nostr.
