4084 6367
265 329 337 428 'rial
891 364 921 422 s.
942 359 1124 420 nuousrtm
1143 362 1297 424 orrsoorr
1839 369 1909 429 ιειι

268 497 386 562 iurquas
397 488 525 561 plantavit
540 486 678 544 lloorinus.
691 483 758 543 Nam
769 485 858 550 orior,
869 485 969 556 lnquit,
983 499 1060 556 qoem
1117 485 1209 542 multis
1230 487 1318 544 cedris
1335 487 1430 546 Libarrl
1443 502 1565 560 pensores
1577 488 1626 558 illi,
1648 489 1788 561 dequibus
1801 490 1909 549 locutus

269 602 321 640 noo
330 585 453 657 plantavit
463 582 542 638 Pater
549 597 630 650 emur,
640 579 809 636 ominum
822 578 929 652 (llottlo
942 595 988 648 ιι,
998 579 1061 650 li).
1115 592 1184 645 som,
1196 579 1343 636 nidificant.

263 675 304 745 'Et
314 678 383 753 cedri
394 677 486 755 Liboni
499 691 561 751 qous
574 673 709 745 plauserit.
1150 669 1195 727 i'l.
1211 670 1264 728 Sed
1280 683 1378 738 tamen,
1391 671 1489 732 iratres
1501 673 1566 742 mei,
1582 674 1633 746 ipsi
1645 688 1769 746 passeres
1787 675 1810 732 si
1825 675 1909 746 spiri·

304 772 347 826 lli.
361 767 436 844 [rere.
451 765 508 839 ti]
521 765 701 838 illicporserer
713 765 890 834 nidificabunt.
901 763 1000 819 Felice
1016 763 1064 818 do·
1115 761 1199 819 toales
1212 771 1284 827 sunt,
1307 765 1428 834 quamvis
1444 763 1580 822 niditlcent
1591 764 1618 821 in
1630 765 1719 822 cedris
1730 765 1838 836 Libani,
1854 782 1909 824 non

268 879 324 918 oros
338 860 392 916 due
404 871 440 914 ert
452 876 548 915 eororrt.
565 858 617 915 ttot
629 872 752 929 passeres
765 856 959 914 nidificabuntl
973 856 1002 910 ln
1015 870 1072 942 oe3
1115 870 1165 925 pro
1181 871 1279 928 magno
1298 857 1399 913 habere
1421 857 1521 914 debent
1534 857 1629 915 cedros
1649 858 1755 926 Libani,
1771 869 1798 916 ει
1813 869 1911 930 potare

268 953 440 1011 drisLibani.
462 951 521 1010 iam
543 951 765 1021 audirimusquae
788 949 844 1006 sint
861 948 935 1006 cedri
956 946 1062 1016 Libani,
1115 947 1177 1004 illos
1198 963 1259 1004 esse
1290 951 1452 1020 superiores,
1474 964 1490 1005 a
1516 950 1612 1021 quibus
1636 965 1730 1008 eorum
1756 953 1910 1010 necessaria

268 1028 372 1102 nobiles
384 1044 486 1110 secoli,
499 1042 598 1101 excelsi
605 1057 714 1114 genere,
727 1041 822 1110 opibus
836 1079 843 1103 ,
855 1039 1001 1094 honoribus
1015 1055 1022 1092 ε
1037 1046 1064 1094 ει
1115 1040 1292 1112 complentur.
1319 1042 1444 1100 Passeres
1465 1042 1536 1100 enim
1560 1052 1643 1108 suot;
1658 1042 1712 1100 illae
1729 1053 1819 1102 summ
1834 1044 1910 1100 cedri

268 1135 333 1206 ipso
345 1135 418 1191 cedri
430 1135 570 1202 satiantur,
591 1133 644 1190 ille
659 1142 747 1190 tamon
760 1145 827 1203 quas
840 1130 971 1201 plantavit
988 1130 1059 1200 ipse.
1115 1133 1210 1192 Libani
1232 1145 1304 1192 sont.
1330 1137 1400 1206 Ergo
1414 1136 1499 1208 [oum
1518 1135 1609 1192 domus
1628 1136 1684 1192 due
1700 1145 1737 1192 est
1756 1151 1907 1208 passm-um.

267 1224 296 1284 ln
312 1227 354 1284 lris
371 1227 459 1283 cedris
477 1241 599 1298 passeres
613 1210 759 1281 nidificant.
772 1224 822 1291 Qui
844 1233 906 1280 sunt
919 1223 1061 1296 passeres?
1115 1224 1243 1294 Quemvis
1257 1227 1283 1281 in
1296 1226 1384 1282 cedris
1395 1227 1489 1284 Libani
1501 1228 1639 1286 nidillcent
1648 1242 1781 1298 passeres,
1795 1241 1852 1286 noo
1867 1237 1909 1284 ta·

268 1321 340 1377 lires
352 1320 461 1392 quidem
480 1329 508 1376 ot
514 1319 635 1392 ¹volatilia
647 1317 707 1374 coeli
720 1325 784 1374 sunt
804 1332 937 1388 passeres,
948 1317 997 1374 sed
1010 1317 1062 1372 mi·
1118 1331 1180 1371 men
1193 1317 1266 1372 cedri
1279 1315 1371 1373 Libani
1392 1318 1474 1374 duces
1490 1329 1552 1376 sont
1566 1335 1715 1390 passerum.
1738 1321 1810 1378 Ecce
1828 1323 1911 1378 satie·

231 1410 238 1432 ⁸
268 1423 333 1468 nutu
347 1411 466 1469 volatilia
482 1413 569 1468 solent
579 1411 631 1467 dici
648 1423 780 1480 passeres.
799 1408 868 1465 Sunt
879 1424 943 1478 ergo
954 1407 1062 1480 quidam
1115 1407 1503 1483 bonroriignammpiomnes
1518 1411 1910 1484 populi;etoedril.il›anisa-

268 1502 421 1574 spirituales
430 1491 603 1559 'niditieames
618 1503 644 1556 in
663 1499 749 1555 cedris
762 1499 856 1556 Libani
871 1518 878 1554 ε
894 1499 985 1566 idest,
999 1507 1063 1554 snnt
1115 1501 1261 1569 tiahuntor,
1273 1517 1339 1574 quas
1360 1504 1490 1577 plantavit
1497 1505 1639 1573 Dominus,
1654 1519 1748 1560 omnes
1766 1503 1871 1562 nobiles
1882 1515 1910 1562 et

270 1595 378 1665 quidam
391 1595 460 1650 servi
474 1594 521 1650 Dei
532 1592 669 1648 audientes
682 1592 708 1647 in
723 1591 879 1660 Evangelio,
893 1588 998 1646 llioritte
1010 1607 1064 1646 orn·

269 1686 312 1740 nio
322 1697 375 1752 tuo,
386 1686 439 1751 vel,
452 1686 529 1740 rende
548 1685 633 1739 omnio
645 1693 698 1749 too,
713 1683 782 1738 etde
795 1682 964 1753 paoperibus,
980 1693 1003 1738 et
1017 1684 1064 1740 ltu-

270 1777 337 1834 lrelis
348 1777 531 1834 rtemromtn
544 1775 613 1832 cetis
621 1793 633 1842 ;
644 1786 668 1832 et
682 1775 748 1840 reni,
769 1791 922 1842 sequererne
935 1774 989 1850 (ld.
1004 1791 1061 1840 ιιι,

268 1862 302 1925 il
316 1870 337 1943 ).
349 1870 382 1924 Ει
392 1885 446 1924 non
460 1877 561 1925 tantum
573 1865 625 1924 hoc
637 1867 778 1923 audierunt
791 1867 889 1938 magni,
905 1868 952 1922 sed
968 1867 1063 1924 audie·

268 1971 333 2018 rum
346 1970 373 2016 et
388 1961 472 2031 parri,
483 1971 510 2017 et
520 1960 661 2016 voluerunt
673 1958 725 2015 hoc
734 1957 822 2014 lacere
833 1967 861 2013 et
871 1959 954 2028 parri,
969 1966 996 2013 ct
1004 1973 1064 2014 esse

268 2051 433 2121 spirituales;
445 2051 578 2121 oonjungi
591 2050 729 2118 uxoribus,
744 2065 796 2106 non
811 2051 940 2104 macerari
953 2064 1018 2105 cura
1032 2049 1064 2104 li·

268 2138 377 2208 liorom,
400 2157 452 2198 rron
467 2136 566 2198 habere
579 2143 701 2214 proprias
717 2140 796 2198 sedes
808 2139 905 2210 quibos
917 2139 1065 2210 deligaren-

223 2287 229 2296 .
271 2242 323 2303 tur,
337 2233 385 2291 sed
398 2234 437 2290 ire
450 2233 476 2288 in
491 2233 572 2289 uitam
588 2231 731 2304 quamdam
745 2245 924 2286 communem.
940 2229 992 2286 Sed
1001 2229 1064 2300 quid

267 2325 426 2406 dimiserunt
440 2326 484 2382 isti
504 2339 629 2396 passeres
647 2322 659 2380 l
684 2320 775 2380 llinuti
797 2322 868 2379 eninr
881 2321 970 2378 soeculi
985 2322 1064 2392 liuius

266 2433 390 2492 passeres
403 2418 535 2475 ridentur.
560 2417 628 2487 Quid
652 2415 829 2472 dimiserunt?
851 2415 914 2486 quid
935 2429 1062 2486 magnum

267 2495 446 2568 dimiserunt?
465 2510 542 2568 Alius
559 2524 589 2565 se
603 2509 743 2574 convertit,
758 2507 858 2562 dimisit
871 2505 964 2561 cellam
977 2507 1063 2579 patris

267 2603 307 2658 sui
317 2601 436 2671 inopem,
451 2601 496 2657 rix
520 2596 601 2656 uuum
615 2599 714 2655 lectum
731 2607 759 2654 et
780 2613 859 2653 unam
875 2613 976 2654 arcam.
989 2596 1062 2654 Con·

267 2695 348 2752 rertit
362 2709 391 2751 se
404 2702 505 2762 tamen,
520 2692 604 2750 lactus
616 2701 658 2749 est
670 2707 772 2764 passer,
793 2691 915 2762 quaesivit
935 2691 1063 2762 spiritua·

268 2774 314 2842 llo.
332 2787 414 2854 Bene,
428 2786 543 2866 optime3
556 2801 609 2843 non
622 2783 659 2839 illi
674 2783 843 2847 insultemus,
858 2800 911 2839 non
924 2781 1063 2840 dicamus:

268 2877 340 2934 Nihil
361 2875 495 2934 dimisisti.
508 2877 567 2934 Non
580 2875 715 2948 superbiai
725 2869 770 2946 qul
783 2875 865 2930 multa
885 2872 994 2931 dimisit.
1015 2874 1065 2930 Pe-

268 2979 325 3027 tros
339 2981 368 3028 ut
381 2979 539 3042 sequeretur
553 2967 709 3032 Dominum,
726 2967 849 3023 norimus
861 2965 932 3038 quod
949 2967 1065 3038 piscator

268 3073 335 3130 erat,
348 3061 411 3136 quid
425 3058 511 3134 poluit
524 3058 729 3117 dimitterelVel
744 3055 827 3114 irater
849 3057 908 3128 ejus
932 3045 1064 3124 Andreae,

268 3156 309 3211 rel
319 3154 363 3211 lilii
377 3152 499 3212 Zebedaei
511 3152 628 3210 loannes
637 3159 665 3206 et
677 3148 804 3215 lacobus,
819 3150 900 3204 etiam
915 3147 964 3219 ipsi
979 3146 1065 3217 pisca·

268 3255 340 3305 tores
353 3247 414 3320 (ld.
426 3265 463 3304 rr.
478 3246 523 3316 ¹8,
538 3247 570 3302 il
580 3245 610 3318 );
626 3254 754 3303 ettamen
771 3241 832 3316 quid
844 3237 985 3297 dixerunt?
999 3239 1066 3295 Ecce

268 3358 316 3397 ιιοι
326 3341 467 3396 ἀίιιιίεὶιιεε
481 3340 576 3406 trunio,
586 3347 610 3393 ct
620 3337 700 3393 secuti
711 3353 797 3394 sumus
810 3345 834 3390 ιε
845 3331 906 3408 (ld.
921 3349 964 3390 ιιι
975 3330 1033 3397 ,it
1044 3328 1064 3405 ).

269 3433 328 3490 Νοιι
341 3433 366 3489 ei
380 3432 445 3488 dixit
454 3431 583 3488 llominus
598 3449 604 3484 ι
619 3426 762 3486 Oblituses
777 3433 958 3498 paupertatem
968 3434 1040 3480 tuam
1055 3440 1063 3490 ;

270 3525 335 3597 quid
358 3522 479 3580 dimisisti
501 3531 529 3578 ot
541 3532 625 3578 totum
646 3518 774 3577 mondum
787 3517 943 3588 occiperes?
955 3515 1066 3572 llulium

271 3617 380 3681 dimisit,
392 3617 487 3672 lratros
499 3615 563 3682 mei,
586 3610 701 3669 multum
715 3608 825 3676 dimisit,
842 3610 887 3679 qui
903 3623 956 3662 non
977 3607 1063 3662 solnm

272 3709 372 3767 dimisit
385 3704 511 3780 quidquid
521 3704 645 3771 habebat,
662 3701 803 3759 sedetiam
818 3699 947 3769 quidquid
967 3695 1067 3754 habero

271 3799 405 3873 cupiebat.
431 3797 496 3868 Quis
515 3798 586 3855 enlin
609 3809 710 3867 pauper
725 3807 777 3848 oon
800 3789 929 3860 turgescit
942 3789 969 3843 in
990 3801 1067 3858 spem

227 3937 233 3950 .
272 3895 362 3952 secoli
375 3893 474 3966 huiusi
500 3891 560 3963 quis
584 3905 637 3944 oon
651 3884 771 3958 quotidie
794 3883 866 3954 cupit
884 3895 981 3952 augere
996 3877 1068 3950 qood

273 3985 372 4043 lrabetl
385 3983 575 4054 lstacupiditas
588 3977 699 4048 praeoisa
710 3981 752 4032 est
767 3991 774 4028 z
788 3971 843 4028 ibat
856 3973 882 4026 in
894 3972 1066 4035 immensum,

272 4081 376 4151 accepit
393 4078 513 4141 modom,
526 4084 555 4131 ει
569 4073 635 4130 nilril
657 4070 796 4129 dimissum
820 4066 880 4123 esti
895 4067 1009 4122 Prorsus
1025 4070 1068 4119 'to-

275 4183 329 4229 tum
341 4169 470 4227 mondum
486 4165 587 4223 dimisit
606 4162 720 4232 Petrus,
735 4173 762 4219 ει
777 4170 862 4218 totum
877 4157 1005 4216 mondum
1019 4156 1069 4216 re-

276 4274 331 4318 tros
345 4261 457 4333 accepit.
483 4258 562 4327 Quasi
587 4255 652 4311 nilril
666 4253 805 4316 habentes,
829 4261 856 4307 et
876 4251 966 4307 omnia
980 4251 1068 4322 possi·

275 4353 372 4411 dentes
397 4349 439 4426 (ΙΙ
460 4347 519 4405 cor.
542 4363 579 4413 rt,
606 4343 640 4403 ld
650 4345 671 4418 l.
693 4342 806 4401 Faciunt
818 4343 869 4398 lroc
880 4341 957 4397 nrultl
988 4342 1068 4397 :ista

275 4443 376 4501 iaciunt
385 4442 429 4514 qui
441 4453 536 4513 parum
548 4428 663 4505 habent,
678 4435 836 4501 streniam,
853 4443 880 4490 et
895 4435 962 4489 ltnnt
973 4447 1068 4504 passe-

276 4551 319 4592 res
332 4534 419 4591 utiles.
431 4531 523 4589 llinoti
534 4527 667 4598 ridentur,
678 4527 740 4600 qnia
755 4541 807 4582 non
829 4527 928 4582 nahem
949 4522 1069 4578 altitudi-

277 4641 337 4683 nem
347 4623 482 4697 dignitatis
491 4621 626 4679 saecularis
641 4639 648 4675 ε
663 4619 800 4676 nidilicont
814 4619 841 4673 in
855 4616 943 4672 cedris
965 4615 1069 4671 Libani.

278 4717 382 4774 Etenim
397 4725 424 4773 et
437 4713 511 4773 cedri
528 4715 639 4783 Libani,
655 4711 758 4768 nolrlles
772 4718 799 4767 et
818 4709 915 4765 dirites
925 4717 954 4765 et
970 4709 1071 4764 excelsi

277 4809 357 4882 lrujos
374 4809 479 4877 secoli,
494 4808 619 4880 quoniam
641 4820 703 4861 com
716 4805 812 4860 timore
824 4801 952 4868 audiunt,
978 4799 1072 4857 Beatus

277 4904 319 4972 qoi
333 4898 450 4972 inettqo
463 4912 654 4972 superoperosum
667 4905 691 4951 et
705 4909 860 4968 pauperem
872 4892 1015 4949 attendunt
1027 4907 1072 4948 res

277 5009 349 5062 suas,
359 4993 435 5049 uillas
445 4995 516 5055 suos,
528 4988 555 5044 el
564 4985 812 5057 omoessoperlluas
821 4985 920 5054 copias,
931 4982 1028 5054 qulbus
1037 4984 1072 5037 ri·

277 5082 372 5141 deutur
379 5080 488 5148 excelsi,
500 5089 526 5135 ot
534 5075 654 5148 probent
660 5075 719 5133 illas
728 5076 813 5131 serris
820 5075 884 5140 llei3
903 5072 968 5130 dant
981 5087 1071 5144 egros,

277 5175 452 5242 daotlrortos,
462 5172 593 5229 aedillcant
610 5167 745 5234 ecclesias,
762 5166 931 5231 monasterio,
946 5161 1074 5236 colligunt

280 5282 412 5339 passeres,
424 5277 451 5322 ut
463 5267 490 5320 in
503 5262 591 5320 cedris
603 5259 696 5317 Libani
711 5257 848 5315 nidillcent
860 5269 992 5328 passeres.
1003 5257 1074 5327 Ergo

283 5358 412 5416 satiantur
424 5355 493 5411 cedri
508 5356 516 5388 ¹
532 5352 622 5409 lidorii
631 5355 694 5423 quor
702 5349 824 5422 plantavit
833 5349 968 5414 dominus,
979 5358 1007 5405 et
1020 5349 1074 5404 illio

283 5438 578 5518 oossnmoidlficoluot.
590 5443 816 5500 littenditetotam
824 5448 934 5508 tomam,
945 5442 967 5496 si
975 5455 1028 5496 oon
1039 5441 1074 5496 ita

282 5552 332 5598 est.
346 5539 382 5600 tir
396 5541 520 5610 loquerer
532 5539 591 5604 ista,
608 5549 661 5592 non
671 5535 758 5590 solum
769 5533 882 5600 credidi,
897 5531 945 5589 sed
957 5543 985 5589 et
999 5533 1072 5600 ridi;

285 5631 358 5690 dedit
371 5629 436 5687 milri
448 5630 610 5686 intellectum
624 5627 710 5698 ipsum
722 5627 946 5696 experimentum.
961 5621 1074 5680 lrrterro·

286 5735 349 5803 gato
361 5724 503 5779 latissimas
516 5732 602 5777 terras
624 5722 669 5792 qui
685 5720 788 5784 nostis,
802 5727 830 5774 et
844 5717 932 5773 videte
955 5718 980 5770 io
994 5733 1075 5786 quom

316 5833 682 5895 'uemattddzeorrem
697 5810 982 5897 emmdmtrroedrir.

1116 1593 1216 1650 excelsi
1232 1593 1335 1650 tideles.
1358 1595 1423 1664 lllic,
1437 1597 1463 1654 id
1476 1603 1520 1654 est
1529 1597 1556 1652 in
1570 1596 1657 1652 oedris
1669 1596 1773 1664 Libani,
1785 1611 1909 1667 passeres

1117 1685 1307 1751 nidificabunt3
1333 1687 1489 1756 praeoeuunt
1509 1703 1598 1744 ramos
1620 1687 1773 1746 lacolratum
1798 1704 1911 1746 suarum

1115 1774 1271 1844 colligendis
1284 1775 1393 1832 minutis
1400 1777 1591 1848 spiritualibus.
1601 1778 1725 1835 Praebent
1735 1779 1795 1844 ista,
1808 1778 1910 1836 lecinni

1116 1861 1174 1919 hec
1188 1865 1261 1920 cedri
1285 1865 1378 1922 Libani
1393 1881 1460 1936 <quas
1481 1867 1611 1939 plautavit
1625 1868 1772 1936 nominum
1788 1863 1908 1934 iaciunt,

1116 1963 1144 2012 ει
1156 1955 1270 2012 libenter
1282 1955 1399 2024 iaciunt;
1422 1969 1555 2015 noverunt
1567 1959 1631 2030 quid
1645 1959 1759 2026 iaciant,
1774 1968 1909 2016 noverunt

1116 2047 1180 2117 quid
1192 2048 1332 2118 accipiant.
1342 2049 1395 2106 Sed
1404 2064 1525 2119 passeres
1539 2051 1660 2120 quamvis
1673 2050 1700 2104 in
1714 2049 1801 2106 cedris
1813 2048 1909 2104 libani

1116 2139 1299 2210 nidilicabunt,
1323 2139 1423 2198 Felice
1442 2143 1532 2199 domm
1556 2142 1610 2198 doe
1624 2151 1659 2198 εει
1677 2159 1773 2200 eorum.
1788 2142 1855 2210 Quae
1866 2152 1909 2199 est

1115 2230 1203 2288 lolicm
1216 2233 1328 2290 domus?
1342 2235 1450 2301 Fulica,
1466 2236 1535 2292 sicut
1546 2250 1642 2292 omnes
1655 2235 1794 2304 nouimus,
1805 2235 1910 2292 marim

1116 2326 1305 2392 arises13vel
1327 2328 1353 2384 in
1375 2329 1475 2400 stagnis
1489 2336 1548 2398 est,
1565 2328 1606 2386 rel
1618 2328 1646 2384 in
1670 2309 1737 2384 mari
1754 2337 1804 2384 est.
1823 2329 1911 2384 llabet

1116 2419 1257 2489 quamdam
1283 2420 1391 2477 domum
1415 2436 1469 2477 non
1495 2421 1574 2478 facile
1588 2422 1615 2478 in
1644 2423 1734 2479 littore
1747 2431 1837 2490 terrse,
1862 2429 1910 2477 aut

1117 2525 1271 2580 nunquam;
1287 2511 1335 2568 sed
1357 2511 1383 2566 io
1398 2511 1431 2567 iis
1443 2527 1504 2583 quse
1527 2514 1552 2568 in
1567 2513 1653 2571 media
1665 2527 1735 2584 aque
1747 2522 1827 2568 sunt:
1850 2512 1909 2584 ple-

1116 2617 1230 2674 rumque
1243 2617 1308 2674 ergo
1321 2603 1347 2658 in
1362 2603 1444 2672 petris
1465 2619 1532 2674 quas
1544 2618 1612 2677 aqua
1633 2603 1792 2660 circumdat.
1805 2602 1911 2660 lutelli-

1116 2694 1203 2763 gimos
1229 2710 1293 2765 ergo
1319 2705 1421 2766 petram
1447 2710 1507 2752 esse
1530 2695 1652 2752 idoneam
1677 2695 1762 2752 lolicae
1787 2695 1910 2764 domum,

1117 2800 1247 2856 nusquam
1261 2785 1355 2842 lortius
1365 2795 1392 2844 et
1402 2787 1504 2843 lirmius
1516 2786 1629 2854 habitat,
1643 2802 1721 2866 quam
1735 2785 1763 2842 in
1775 2796 1865 2860 petra.
1880 2785 1911 2842 ln

1117 2877 1187 2948 quali
1203 2877 1295 2946 petrei
1309 2876 1338 2933 ln
1359 2879 1426 2934 mari
1438 2879 1594 2934 constituta.
1616 2877 1673 2934 Etsi
1686 2877 1805 2934 tonditur
1823 2876 1913 2934 llucti·

1117 2969 1178 3036 bus,
1195 2970 1294 3042 frangit
1311 2979 1401 3027 tamen
1415 2969 1522 3036 linctus,
1535 2985 1590 3028 non
1606 2970 1752 3041 frangitur:
1768 2974 1820 3026 hoc
1829 2969 1914 3027 habet

1119 3076 1241 3132 magnum
1253 3069 1328 3130 petra
1340 3061 1367 3118 in
1381 3063 1447 3117 mari
1459 3064 1613 3119 constituta.
1627 3061 1725 3131 Quanti
1740 3062 1836 3119 lluctus
1846 3077 1914 3118 eon-

1118 3154 1245 3210 tuderoot
1257 3163 1360 3222 petram
1372 3163 1503 3222 nostram,
1518 3153 1661 3210 Dominum
1675 3151 1831 3210 Ghrmmnrl
1845 3153 1913 3210 illisi

1118 3244 1221 3302 suntin
1250 3244 1325 3301 illum
1347 3244 1452 3312 tudem
1473 3245 1511 3302 illi
1536 3244 1613 3304 lracti
1634 3255 1711 3312 sunt,
1739 3245 1785 3301 illo
1809 3245 1914 3318 integer

1119 3338 1225 3394 nransit.
1239 3336 1275 3393 Ει
1291 3339 1473 3409 unusquisque
1499 3339 1607 3394 imitans
1619 3337 1767 3405 Christum,
1784 3336 1821 3392 ita
1835 3338 1871 3396 sit
1886 3338 1914 3394 in

1118 3427 1170 3484 isto
1183 3429 1297 3496 saeculo,
1312 3429 1338 3484 id
1359 3437 1401 3488 εει
1413 3429 1440 3486 io
1464 3429 1516 3486 isto
1529 3430 1606 3497 mari,
1624 3428 1668 3486 ubi
1683 3444 1736 3486 non
1749 3437 1839 3501 potest
1860 3428 1914 3486 nisi

1119 3519 1248 3590 procellas
1260 3528 1483 3590 tempestatesque
1495 3520 1606 3586 sentire,
1616 3529 1645 3574 ut
1655 3517 1721 3576 nulli
1733 3527 1813 3575 rento
1822 3515 1913 3586 cedat,

1118 3612 1184 3669 nulli
1198 3612 1299 3681 lluctui,
1312 3613 1359 3668 sed
1373 3613 1462 3668 omnia
1477 3613 1614 3682 excipiat,
1628 3621 1655 3670 et
1669 3610 1772 3681 integer
1794 3619 1913 3666 uraneat.

1120 3705 1189 3774 Ergo
1203 3701 1290 3760 iulicae
1304 3703 1400 3758 domus
1421 3704 1449 3758 ei
1466 3703 1542 3759 lortis
1551 3712 1603 3770 εει,
1620 3711 1647 3758 ει
1660 3699 1778 3756 humilis.
1791 3697 1849 3757 Non
1863 3698 1914 3756 lra-

1120 3796 1164 3852 bet
1175 3797 1282 3854 domum
1294 3795 1373 3851 lulica
1384 3795 1411 3851 in
1425 3795 1539 3852 excelsis
1551 3812 1558 3862 ;
1570 3795 1637 3851 nilril
1647 3794 1692 3849 illa
1705 3793 1785 3850 domo
1797 3793 1914 3864 llrmlus,

1119 3899 1147 3944 ει
1161 3888 1227 3943 ηἰΙιίΙ
1243 3887 1378 3943 humilius.
1394 3887 1422 3943 lo
1438 3885 1526 3944 cedris
1538 3883 1645 3958 quidem
1664 3882 1803 3941 nidificant
1824 3899 1916 3955 passe·

1119 3995 1174 4046 res,
1203 3987 1310 4050 propter
1334 3990 1492 4048 presentem
1511 3978 1697 4036 necessitatem
1717 3995 1724 4032 ι
1742 3973 1790 4033 sed
1813 3985 1916 4048 petram

1120 4067 1191 4125 illam
1206 4067 1303 4126 habent
1316 4069 1423 4135 ducem,
1437 4084 1498 4139 quae
1514 4064 1639 4126 ductibus
1654 4067 1774 4125 tunditur
1788 4111 1796 4136 ,
1810 4076 1839 4125 et
1861 4083 1916 4123 non

1121 4161 1265 4233 lrangitor;
1292 4161 1430 4217 imitantur
1454 4161 1525 4216 enim
1546 4159 1646 4216 Christi
1668 4161 1816 4230 passiones.
1839 4157 1917 4216 Etsi

1121 4253 1188 4309 lorte
1203 4251 1275 4309 cedri
1291 4251 1384 4308 Libani
1407 4253 1481 4306 iratae
1496 4251 1605 4320 luerint,
1620 4257 1648 4308 et
1660 4249 1758 4322 aliquid
1783 4249 1917 4306 molestis

1125 4335 1168 4399 rel
1182 4343 1299 4400 scandali
1313 4342 1398 4398 sorvis
1417 4341 1463 4398 llei
1483 4341 1607 4398 intimis
1636 4343 1691 4398 suis
1709 4341 1916 4408 commoverint,

1124 4433 1251 4490 volabunt
1264 4433 1371 4504 quidem
1386 4431 1447 4488 indo
1464 4447 1604 4504 passeres;
1620 4433 1666 4489 sed
1681 4447 1721 4488 use
1734 4429 1816 4488 cedro
1829 4443 1917 4486 rema-

1122 4528 1195 4583 nenti
1208 4527 1266 4583 sioc
1280 4528 1350 4583 nidis
1363 4543 1510 4598 passerum.
1521 4524 1646 4583 Passeres
1660 4527 1730 4582 enlm
1745 4539 1798 4580 nou
1810 4523 1917 4580 naulra·

1122 4621 1230 4692 gabunt,
1241 4634 1293 4675 non
1306 4619 1444 4690 peribunt;
1454 4619 1513 4691 quio
1525 4617 1916 4692 [oliooedomusdoseeteorom.

1159 4709 1201 4766 l8.
1217 4707 1290 4782 [serr.
1309 4705 1364 4782 l8.]
1383 4708 1451 4779 Quid
1474 4723 1538 4779 ergo
1563 4706 1700 4779 sequitur?
1717 4705 1817 4761 Montes
1842 4706 1917 4760 altis-

1124 4801 1182 4855 simi
1192 4801 1279 4856 seruis.
1296 4797 1386 4867 Cerri,
1402 4801 1499 4871 magni,
1516 4799 1678 4870 spirituales,
1695 4797 1917 4854 transcendentes

1124 4891 1151 4946 in
1165 4905 1244 4947 eursu
1258 4893 1346 4947 omnia
1360 4893 1465 4961 spinosa
1480 4893 1600 4961 veprium
1615 4898 1694 4960 atque
1706 4884 1844 4943 silvarum.
1867 4887 1918 4953 Qui

1125 4983 1232 5055 perficit,
1248 4981 1343 5054 inquit,
1357 4982 1431 5050 pedes
1444 4997 1512 5036 meos
1525 4982 1592 5037 sicot
1607 4979 1682 5044 eeroi,
1696 4989 1719 5034 ei
1732 4980 1920 5056 superexcelso

1124 5083 1215 5128 statuet
1237 5091 1276 5129 me
1294 5071 1379 5143 (Psoi.
1392 5089 1463 5137 ιιιι,
1479 5073 1534 5144 si).
1560 5071 1681 5128 Tenesnt
1702 5081 1809 5128 montes
1838 5069 1918 5139 altos,

1125 5167 1176 5221 ulta
1192 5173 1321 5236 praccepta
1339 5165 1400 5231 Dei;
1416 5164 1538 5222 sublimia
1553 5164 1680 5235 cogitent,
1697 5168 1920 5234 tenentesque

1128 5257 1240 5311 multum
1255 5257 1374 5312 eminent
1388 5258 1415 5311 in
1429 5255 1584 5326 seripturis,
1605 5255 1785 5328 justillcontur
1797 5252 1824 5308 ln
1842 5267 1921 5309 sunr-

1126 5347 1176 5401 mis
1189 5363 1194 5398 :
1209 5345 1298 5401 cernis
1311 5345 1382 5401 enim
1406 5355 1466 5401 suut
1479 5345 1517 5401 illi
1539 5353 1645 5400 montes
1657 5343 1788 5400 altissimi.
1804 5341 1872 5413 Quid
1887 5343 1922 5400 do

1127 5437 1271 5494 nurnililrus
1294 5437 1407 5493 lrestiisl
1431 5437 1494 5508 quid
1515 5437 1550 5493 de
1562 5435 1675 5507 leporel
1688 5433 1751 5506 quid
1764 5433 1799 5491 de
1817 5435 1923 5491 ericio!

1128 5533 1215 5602 Lepus
1229 5531 1358 5587 minutum
1381 5529 1478 5585 animal
1498 5537 1525 5587 et
1546 5527 1690 5594 infirmum,
1715 5525 1814 5583 orloius
1840 5527 1945 5594 etiam,

1126 5627 1264 5692 spinosum
1280 5625 1290 5656 ¹
1306 5639 1313 5678 ι
1330 5623 1395 5679 illud
1416 5622 1514 5678 animal
1528 5621 1661 5690 tlmidom,
1675 5619 1740 5676 lllud
1750 5618 1850 5674 animal
1864 5598 1942 5688 ειιιε1

1130 5717 1171 5773 nis
1181 5725 1346 5784 coopertum.
1359 5714 1448 5785 Spina
1462 5713 1525 5784 quid
1548 5713 1709 5785 quidmst,
1723 5710 1776 5767 nisi
1797 5719 1914 5782 peccato
1934 5783 1940 5798 ι

1163 5818 1894 5890 ιιιιειεειιι.ειιιιιιιι,ιιιὺιιιεειιειι,ιιιιειιεειεώεει
1933 5799 1941 5824 ¹
