4084 6367
145 308 209 372 rosa
669 288 1254 375 eurnnrrrotursntuuuuxxxru.
1701 328 1772 389 m,

178 427 206 485 ὅ.
225 423 255 483 lo
270 425 401 499 pressuris
416 432 505 483 autem
518 420 655 483 eoostltoti
665 420 721 490 ,ad
746 420 797 479 boc
817 417 933 477 moteri-
986 416 1104 479 utens
1122 437 1187 497 erqo
1204 439 1221 482 ι
1240 426 1364 489 sedeam
1377 434 1667 507 mecumtecum
1689 446 1772 517 mpr-

145 534 214 585 mor,
224 525 460 585 otarnorenostro,
472 512 713 587 quolerebamurin
726 511 932 577 immundans,
985 508 1091 568 ciamus
1098 522 1171 570 retro
1183 534 1191 571 ε
1205 530 1266 574 uam
1279 518 1331 577 boe
1347 521 1472 582 moinum
1483 534 1542 593 αι,
1555 541 1611 588 nm
1632 535 1773 593 quendem

145 608 295 675 secularia,
310 607 565 679 temporalia,lloxa
578 613 657 677 atque
671 604 807 677 peritura,
821 602 892 675 passi
906 602 935 659 in
985 598 1058 669 quod
1080 604 1203 673 promisit
1225 607 1308 677 Deos,
1327 612 1389 682 quis
1410 613 1490 689 torqe
1508 626 1560 686 est,
1582 628 1611 676 et
1636 624 1772 693 respicere

145 698 194 767 eis,
206 698 233 755 in
245 696 297 755 bac
310 698 375 767 vita,
389 706 518 756 tormenta
527 706 554 755 et
562 696 934 767 tribulationespressnrarom
985 687 1020 743 ud
1034 689 1061 745 id
1078 692 1150 760 quud
1164 695 1314 765 proximum
1326 708 1379 770 est,
1401 704 1474 762 uode
1497 706 1553 777 lam
1576 709 1706 769 liberatos
1730 730 1770 771 cc.

144 798 173 846 et
195 788 386 847 abundantiam
414 789 609 853 tentationum,
635 787 794 860 incipiamus
815 799 935 859 quaerere
987 778 1025 835 be
1042 781 1139 840 talibus
1150 786 1214 855 quid
1234 786 1299 845 dicit
1309 794 1446 861 apostolos
1457 795 1708 873 Petruleootinpit
1719 804 1772 862 illie

145 877 218 933 illam
230 878 349 949 quictem
367 894 425 951 qnae
440 892 492 935 non
505 885 547 934 est
560 876 595 935 de
607 876 657 933 bac
673 877 737 945 rita,
755 891 807 935 nec
827 876 861 933 de
884 875 934 931 bac
985 884 1025 923 reu
1036 870 1088 925 reri
1098 874 1245 944 monebit:
1259 876 1334 935 Grais
1346 896 1482 941 coemes
1495 886 1504 918 ¹
1516 887 1551 943 od
1562 904 1636 945 ιιιιιιιι
1649 891 1770 947 comitum

146 979 217 1025 terra
231 987 238 1023 :
252 969 320 1025 etbt
334 969 713 1041 llornlmrs,utscriptomest,
731 968 934 1043 refupiunrpou-
985 956 1019 1029 (ΙΙ
1035 956 1105 1017 Pur·
1120 977 1149 1028 ¹¹.
1163 962 1221 1036 Ὦ).
1242 965 1381 1026 Premebat
1399 973 1471 1029 eoba
1494 985 1589 1045 meru,
1607 981 1772 1038 consererem

145 1061 200 1130 pai
212 1058 298 1131 (ent.
313 1076 355 1130 ιι,
367 1059 421 1132 lb).
434 1058 502 1128 Quid
521 1067 562 1116 cst
580 1059 708 1133 properi?
730 1058 867 1130 Tanquam
885 1057 934 1115 de·
985 1058 1175 1119 peecatorum
1192 1065 1303 1128 accepta
1320 1058 1482 1133 indulgentia
1493 1067 1568 1136 quasi
1588 1071 1726 1138 vomuisti,
1743 1080 1772 1129 et

145 1150 248 1219 stituto,
265 1150 323 1206 sine
338 1166 398 1222 ope,
414 1150 472 1207 sinc
485 1150 594 1217 auxilio,
609 1149 668 1206 sinc
684 1148 815 1221 aliquare
829 1148 864 1204 de
881 1162 933 1219 qua
986 1138 1131 1197 relevatum
1140 1152 1182 1199 est
1194 1154 1288 1215 uectus
1303 1156 1392 1217 tuum;
1407 1151 1476 1211 lacta
1489 1165 1531 1213 est
1543 1157 1613 1215 bona
1631 1164 1771 1219 conscien.

147 1240 257 1298 laterra
273 1250 426 1312 prasumat.
448 1240 556 1297 Talibus
580 1243 650 1297 enim
673 1239 834 1313 pauperibus
858 1240 934 1297 adest
985 1227 1020 1285 ¹5²
1034 1244 1066 1287 0¹
1079 1233 1148 1289 mule
1161 1236 1348 1293 consciendo:
1365 1241 1431 1313 quid
1444 1258 1539 1303 rursus
1550 1251 1715 1309 converteris
1734 1251 1770 1309 ad

145 1331 228 1387 beas.
242 1330 320 1400 Quia,
334 1330 457 1387 homines
478 1332 528 1387 etsi
546 1330 682 1387 abundent
707 1331 818 1402 pecunia
838 1330 864 1388 in
885 1331 934 1387 ltao
985 1319 1112 1377 connitum
1127 1325 1347 1386 [tumisiuuuis
1369 1328 1421 1389 hue
1446 1333 1548 1393 iaciens
1567 1337 1662 1397 barret
1684 1343 1770 1399 oculis

144 1432 228 1491 terra,
250 1422 397 1494 respiciunt
412 1421 481 1493 qood
499 1421 536 1476 ait
555 1421 716 1493 Apostolus,
732 1420 849 1491 Praecipe
867 1422 934 1477 dini·
985 1410 1048 1473 ⁸⁰³⁵,
1061 1419 1088 1466 ¹¹¹
1103 1412 1166 1483 (tuiti
1180 1416 1235 1473 eris
1246 1419 1331 1475 usulis
1344 1420 1410 1479 Deli

145 1514 210 1569 tibus
221 1512 298 1586 lnq'm
308 1513 397 1569 mnndi
406 1530 455 1569 aon
467 1513 574 1585 eriperis
591 1529 779 1585 cuperemque
792 1513 933 1584 operorein
1021 1502 1049 1561 4·
1074 1502 1263 1579 Unusquisque
1288 1522 1398 1581 eutem,
1425 1513 1521 1575 iratres
1543 1518 1710 1591 curtetur,
1735 1524 1771 1582 de

144 1606 240 1659 incerto
264 1604 408 1659 dinitiarum
434 1603 711 1677 (lurni.rr,17):et
734 1603 934 1661 considerantes
984 1592 1044 1649 ¹⁰0⁰
1066 1595 1168 1655 {lituris
1193 1600 1252 1666 sui,
1276 1602 1309 1657 {ul
1334 1619 1413 1675 (susm
1440 1607 1605 1676 proiciendo
1629 1615 1767 1684 perrcolt,

145 1694 273 1766 quamsit
286 1696 414 1751 inccrtnm
428 1694 497 1753 unde
513 1694 680 1768 gaudebant.
694 1704 835 1767 antequam
858 1709 934 1753 acce·
984 1693 1012 1741 0²
1024 1702 1104 1758 quem
1116 1691 1190 1746 V⁰ll⁸
1202 1690 1279 1759 ⁰0⁰·
1302 1694 1365 1752 inde
1379 1700 1487 1769 militi
1498 1711 1590 1769 retro,
1603 1718 1664 1763 eum
1685 1708 1771 1779 ipsum

144 1786 239 1842 dercnt
252 1784 287 1841 ad
297 1786 452 1842 servitutem
467 1786 524 1855 lici,
534 1784 558 1843 id
572 1794 622 1855 est,
639 1795 780 1859 antequam
792 1786 934 1843 introirent
984 1776 1126 1835 dimiserit
1139 1780 1219 1839 Verbi
1230 1785 1327 1855 mutia,
1340 1788 1434 1845 statuit
1441 1797 1591 1851 eastimcar
1604 1797 1771 1869 coniugalem
1787 1784 1793 1792 ⁸

145 1877 170 1932 in
183 1876 338 1945 torcularia,
351 1876 442 1933 rident
453 1892 486 1932 ex
507 1874 572 1949 ipsis
588 1876 689 1932 diuitiis
712 1876 753 1933 vel
779 1876 877 1933 babere
903 1890 934 1933 se
984 1884 1092 1929 seruere
1112 1870 1190 1947 (inde
1208 1876 1280 1933 enim
1294 1877 1387 1949 incipit
1401 1880 1650 1955 justitia);recesslt
1661 1904 1676 1942 a
1688 1889 1770 1946 torni.

143 1982 284 2039 pressuras
302 1968 504 2039 cogitationum,
527 1969 663 2039 quomodo
688 1983 719 2024 ea
740 1968 932 2040 gubernentur,
984 1962 1134 2019 cationibos
1154 1972 1182 2022 et
1195 1965 1229 2023 ab
1246 1967 1289 2021 illa
1308 1968 1400 2026 illicita
1421 1971 1587 2031 immunditia
1599 1992 1607 2031 ε
1621 1979 1727 2048 quando
1740 1996 1771 2039 se

144 2056 279 2127 quomodo
291 2058 490 2124 custodiantor;
504 2058 545 2113 vel
559 2058 582 2114 si
598 2058 732 2129 paululum
749 2058 934 2115 inclinaverint
983 2050 1017 2107 ed
1030 2051 1220 2112 fornicationes
1230 2059 1408 2127 converterit,
1423 2071 1495 2119 retro
1506 2066 1634 2137 respexit.
1649 2069 1724 2125 Alius
1735 2085 1770 2126 cx

144 2149 315 2221 mpidiutem
327 2158 355 2205 ut
369 2166 400 2207 ea
414 2149 533 2221 diligant,
547 2150 606 2221 plos
618 2165 664 2205 cos
675 2150 778 2223 impleri
794 2149 933 2207 timoribus

143 2254 222 2309 quam
235 2238 376 2297 lructibus.
392 2240 461 2309 Quid
473 2240 543 2296 enim
557 2249 611 2296 tam
627 2234 769 2309 incertum,
788 2256 867 2313 quam
889 2255 933 2297 res

144 2328 289 2385 vonbutst
302 2329 357 2389 Nec
372 2330 504 2387 immerito
515 2330 571 2401 ipsa
586 2329 696 2402 pecunia
716 2327 829 2386 rotunda
842 2330 931 2401 signa·

144 2430 196 2487 tor,
210 2422 273 2493 qnia
288 2437 342 2477 non
358 2429 420 2478 stat.
434 2422 513 2479 Tales
528 2438 601 2493 ergo,
616 2422 667 2479 etsi
681 2421 796 2477 babeant
814 2422 930 2494 aliquid,

145 2526 274 2583 pauperes
281 2522 353 2569 sunt.
363 2512 413 2582 Qui
427 2528 491 2569 vero
501 2512 567 2568 nilril
580 2512 674 2568 borum
686 2512 792 2579 liabent,
802 2522 829 2568 ct
835 2512 933 2568 babere

140 2606 312 2674 desiderant,
326 2611 395 2664 inter
407 2606 587 2679 reprobandos
607 2607 704 2663 divites
722 2615 931 2679 computantur:

140 2714 194 2755 non
209 2700 282 2755 enim
296 2698 408 2756 attendit
421 2700 491 2756 Deos
505 2698 654 2756 facultatem
668 2740 676 2765 ,
694 2698 742 2755 sed
754 2692 932 2757 'volontatem

141 2790 279 2863 Pauperes
302 2791 384 2862 igitur
406 2790 524 2847 destituti
545 2788 617 2846 omni
638 2805 689 2862 ope
716 2790 846 2857 saeculari,
871 2789 933 2861 quia

143 2883 191 2937 etsi
206 2896 238 2937 ea
252 2880 447 2947 circumfluant,
457 2880 606 2951 intelligunt
618 2894 696 2951 qoam
711 2878 811 2935 incerta
824 2879 876 2933 sint
885 2895 892 2943 ;
906 2886 934 2934 cl

143 2972 350 3045 ingemiscentes
362 2974 396 3028 ad
409 2974 504 3040 Derim,
517 2972 580 3029 nibil
596 2973 723 3031 babentes
739 2974 767 3029 in
783 2972 835 3029 lroc
849 2988 933 3029 secu·

143 3064 170 3120 lo
191 3079 245 3135 qno
272 3062 448 3131 delectentur,
473 3079 525 3135 quo
549 3070 698 3129 tencantur,
722 3063 749 3120 in
772 3062 932 3121 aboridaotia

141 3170 327 3227 pressurarum
348 3164 375 3212 et
390 3154 563 3211 tentationum
579 3163 702 3226 tanlquam
717 3153 743 3210 in
757 3154 932 3212 torcularibus

78 3252 80 3255 ’
142 3248 290 3315 constituti,
305 3246 426 3305 dclloont
437 3248 539 3311 uinum,
551 3245 670 3302 defluunt
681 3247 779 3302 oleum.
794 3246 858 3315 Qoae
871 3254 933 3303 sonu

142 3338 201 3403 lsta,
211 3338 263 3394 uisi
278 3338 348 3393 bona
362 3336 511 3393 desideria?
523 3336 615 3393 Restat
629 3338 699 3393 enim
715 3338 766 3393 illis
780 3336 933 3393 desideran-

142 3428 191 3486 dus
204 3430 355 3502 uersam
370 3446 422 3485 non
440 3438 529 3486 amant
543 3439 651 3486 terram.
675 3429 773 3485 Amant
794 3430 865 3485 enim
885 3430 931 3500 qul

141 3518 204 3575 lecit
218 3519 317 3575 coelum
331 3528 359 3576 et
372 3528 470 3575 terram
485 3535 492 3573 :
506 3526 606 3585 amant,
622 3526 650 3575 et
670 3520 787 3575 nondum
811 3533 871 3575 com
899 3534 932 3575 eo

140 3618 213 3665 snot.
229 3608 397 3665 liesidcrlom
409 3624 500 3666 eorom
513 3608 642 3673 dillertor,
655 3611 683 3665 o't
695 3618 813 3677 crescat;
823 3610 930 3677 crescit,

142 3708 170 3755 ot
188 3700 288 3771 capiat.
301 3700 360 3756 lion
381 3700 451 3757 onim
475 3714 584 3773 parvom
607 3702 616 3733 ¹
639 3700 737 3771 aliqold
759 3699 868 3757 daturus
890 3710 932 3758 est

142 3792 212 3849 licus
223 3792 405 3862 desideranti,
419 3802 464 3849 aut
476 3810 567 3865 parom
581 3794 745 3852 exercendos
759 3805 800 3852 est
814 3796 846 3853 ad
857 3812 931 3869 cape·

141 3883 248 3941 citatem
261 3884 327 3941 unti
337 3884 404 3941 boni
419 3902 426 3940 ε
442 3900 495 3941 non
508 3886 608 3957 aliquid
625 3886 693 3942 Deus
703 3887 773 3959 qood
786 3888 846 3944 lecit
855 3888 932 3944 dano-

143 3988 187 4029 rus
201 3981 256 4042 est,
272 3974 319 4029 scd
333 3976 449 4045 seipsum
464 3975 510 4045 qui
525 3974 587 4031 lecit
605 3974 703 4031 omnia.
719 3974 759 4030 to
771 3976 931 4047 capiendum

142 4062 225 4121 Deum
239 4077 380 4132 exercerc;
400 4063 471 4139 quod
485 4080 592 4137 semper
611 4064 748 4122 habiturus
763 4082 793 4123 es
805 4067 849 4124 diu
862 4068 932 4126 desi·

142 4152 214 4210 olera.
231 4154 375 4226 lleprobatl
388 4162 450 4211 sont
469 4156 497 4211 ln
510 4156 608 4227 popolo
620 4156 714 4224 lsrael,
730 4160 774 4231 qni
790 4159 931 4219 festinare-

27 4302 29 4329 ι
142 4252 202 4301 runt
216 4244 343 4302 :assidue
357 4244 468 4302 alectus
482 4248 531 4304 iste
541 4247 745 4319 reprehenditur
755 4248 779 4304 in
795 4250 931 4323 Scriptura

143 4334 336 4394 lcstlnantiom.
350 4338 400 4407 Qni
416 4346 478 4394 sont
496 4340 568 4395 enim
587 4340 631 4411 qui
647 4339 789 4398 lestioant?
802 4342 853 4413 Qui
865 4358 930 4401 con·

143 4428 259 4484 scrsiad
286 4428 379 4496 ileum,
404 4445 464 4486 cum
488 4430 533 4488 bic
556 4446 608 4488 non
637 4424 786 4491 inveno'rint
811 4437 931 4507 requiem

141 4530 220 4587 qaam
247 4518 419 4591 quaerebant,
444 4527 470 4577 et
491 4522 584 4593 pendia
609 4538 668 4605 quae
698 4527 929 4598 promittebantur,

143 4614 267 4679 tanquan
277 4611 308 4665 ·io
323 4610 419 4667 itincre
431 4612 601 4682 delloientes,
616 4624 642 4671 ct
656 4616 765 4687 longum
780 4617 829 4674 sibi
852 4620 931 4691 quid·

142 4696 203 4753 ιΙιιιι
215 4740 224 4768 ,
237 4698 325 4756 dorrec
336 4700 387 4757 lroc
401 4704 527 4759 euctdnm
542 4705 583 4760 vel
595 4705 652 4761 trec
667 4706 719 4762 uita
734 4706 869 4777 liniantur,
885 4724 931 4765 re·

143 4800 213 4847 stare
224 4792 394 4859 arbitrantes,
409 4803 436 4849 et
445 4805 594 4865 querentes
610 4795 652 4851 bic
666 4796 779 4869 aliquam
794 4800 930 4871 requiem,

143 4896 201 4952 qne
210 4883 234 4937 si
244 4881 367 4953 babetur,
379 4884 445 4940 laisa
456 4894 507 4952 cst,
516 4887 661 4959 respiciunt
673 4897 755 4956 retro,
766 4899 793 4945 et
804 4890 931 4949 decidunt

141 4976 329 5045 aproposlto;
349 4977 551 5034 necattendont
564 4992 624 5033 com
646 4988 745 5049 quanto
768 4988 870 5037 terrore
890 4982 931 5039 di·

985 2157 1094 2198 munere
1108 2144 1154 2201 uel
1168 2146 1254 2217 majos
1266 2149 1365 2221 aliquid
1384 2154 1475 2217 rutil.
1495 2157 1589 2213 statuit
1601 2173 1650 2215 nec
1665 2163 1770 2231 nuptias

984 2232 1037 2301 pati
1049 2248 1057 2297 ;
1073 2233 1117 2305 qui
1131 2250 1184 2291 non
1197 2235 1386 2308 damnaretur,
1404 2242 1427 2297 si
1439 2242 1558 2302 duxisset
1569 2262 1695 2315 uxorem,
1712 2260 1771 2321 post

984 2331 1074 2377 uotum
1095 2324 1165 2393 quod
1186 2325 1241 2381 lico
1262 2327 1383 2397 promisit
1400 2330 1423 2385 si
1437 2330 1558 2400 duxerit,
1582 2335 1770 2395 damnabiturz

983 2428 1045 2469 cum
1061 2413 1112 2471 boe
1126 2414 1204 2472 iaciat
1217 2419 1287 2489 quod
1301 2418 1345 2477 ille
1361 2422 1407 2492 qui
1421 2438 1475 2479 oon
1488 2427 1662 2497 promiseram
1680 2440 1769 2489 tanuen

984 2502 1028 2560 ille
1043 2520 1097 2560 non
1112 2505 1269 2575 danmatur,
1292 2510 1342 2567 iste
1355 2509 1506 2569 damnator.
1528 2514 1633 2585 Quare,
1647 2518 1698 2576 nisi
1709 2521 1770 2591 quia

983 2591 1034 2649 iste
1048 2598 1165 2665 respexit
1179 2596 1271 2653 rctroi
1292 2598 1436 2657 tamenim
1455 2614 1517 2661 ante
1529 2616 1603 2675 erat,
1618 2607 1669 2665 istc
1679 2618 1770 2668 auum

983 2684 1047 2743 illoc
1062 2687 1180 2744 nondum
1193 2701 1361 2763 peruenerat.
1384 2693 1429 2750 Sic
1441 2696 1524 2767 sirpo,
1538 2714 1598 2769 que
1610 2701 1633 2755 si
1646 2702 1769 2771 nuberet,

984 2793 1036 2832 non
1048 2790 1171 2849 peccaret
1180 2778 1202 2852 (l
1213 2780 1272 2837 Cor.
1285 2799 1331 2851 vn,
1345 2784 1403 2857 28).
1417 2787 1624 2847 sanctimonialis
1637 2792 1660 2848 si
1674 2808 1771 2863 nupse-

983 2869 1028 2935 rit,
1041 2866 1139 2926 Clrristi
1149 2871 1269 2930 adultera
1282 2872 1460 2946 deputabitur.
1475 2876 1602 2950 Respexit
1615 2882 1686 2937 enim
1698 2892 1771 2942 retro

983 2958 1095 3017 deloco
1115 2976 1168 3032 quo
1188 2974 1348 3021 accesserat.
1369 2964 1415 3022 Sic
1435 2968 1530 3039 quibos
1549 2969 1655 3041 placet,
1678 2972 1771 3031 relicta

983 3050 1055 3107 omni
1068 3066 1116 3123 spe
1129 3054 1250 3111 saculart
1260 3064 1288 3112 et
1299 3056 1371 3113 omni
1388 3058 1493 3115 actione
1507 3068 1611 3117 terrena
1625 3103 1634 3131 ,
1648 3064 1771 3124 conferre

982 3157 1012 3201 se
1025 3144 1052 3200 io
1065 3145 1219 3205 societatem
1235 3157 1404 3217 unctorum,
1418 3150 1446 3207 in
1463 3166 1632 3210 musmonem
1645 3155 1715 3210 illam
1729 3156 1770 3213 ri-

984 3244 1037 3291 tam
1053 3236 1097 3293 ubi
1110 3250 1162 3293 non
1177 3236 1242 3294 dicit
1254 3237 1350 3309 aliquis
1361 3239 1459 3313 aliquid
1474 3244 1610 3314 proprium
1621 3286 1629 3311 ,
1641 3244 1690 3301 sed
1706 3254 1771 3303 sunt

984 3325 1035 3381 illis
1050 3326 1138 3381 ornnia
1158 3328 1326 3396 communia,
1348 3338 1377 3385 et
1394 3340 1437 3386 est
1454 3330 1506 3388 illis
1523 3333 1674 3389 animaene
1686 3342 1771 3392 otoor

984 3434 1065 3471 ιιιιιιιιι
1081 3418 1106 3472 in
1124 3418 1206 3475 ueom
1221 3418 1289 3491 (Act.
1300 3436 1345 3487 ru,
1361 3412 1424 3495 32)';
1439 3421 1559 3495 quisquis
1570 3424 1632 3481 iude
1644 3427 1771 3485 recedere

983 3506 1110 3574 voluerit,
1131 3524 1183 3563 non
1198 3509 1259 3565 talis
1273 3510 1384 3566 lrolrctnr
1398 3513 1483 3583 qualis
1503 3515 1549 3570 illo
1561 3517 1669 3587 quinon
1684 3517 1769 3574 intr'a·

983 3602 1021 3657 nit
1035 3620 1042 3657 :
1058 3602 1104 3659 ille
1123 3602 1194 3657 enim
1217 3602 1336 3659 nondum
1348 3606 1479 3673 secessim
1492 3606 1544 3662 iste
1556 3618 1630 3665 retro
1643 3611 1769 3683 respexit.

982 3690 1167 3765 Quapropter,
1193 3694 1362 3763 charissimi,
1386 3696 1520 3767 quomodo
1541 3700 1653 3771 quisque
1672 3710 1769 3773 potest,

984 3793 1095 3855 vovete,
1118 3791 1146 3844 ct
1167 3783 1268 3847 reddire
1286 3784 1400 3849 Domino
1412 3785 1468 3841 lieo
1487 3796 1576 3844 restro
1590 3788 1675 3859 (Psoi.
1689 3806 1770 3861 xxxv,

984 3874 1031 3947 lb)
1056 3879 1126 3949 ‹prou
1151 3881 1262 3952 quisque
1283 3885 1417 3953 potuerit;
1442 3900 1521 3941 tremo
1543 3888 1616 3941 teitu
1635 3882 1769 3950 respiciat,

983 3983 1063 4035 nemo
1084 3970 1203 4041 pristinis
1220 3973 1275 4028 sois
1294 3973 1458 4044 delectetur,
1481 3991 1562 4032 neoto
1583 3979 1719 4035 avertatur
1734 3973 1770 4036 ab

983 4073 1016 4115 co
1029 4060 1099 4132 quod
1108 4070 1170 4117 arrte
1183 4069 1233 4127 est,
1249 4062 1283 4118 ad
1297 4063 1323 4119 id
1336 4064 1408 4135 quod
1422 4076 1495 4122 retro
1507 4075 1548 4121 est
1561 4085 1568 4123 ε
1581 4077 1671 4123 currat
1682 4068 1771 4126 donec

983 4152 1137 4223 perteniat,
1152 4168 1205 4208 oon
1218 4154 1289 4211 enim
1298 4156 1419 4227 pedibus,
1429 4156 1616 4216 reddesiderio
1625 4164 1768 4219 currimus.

982 4243 1077 4301 llullus
1097 4255 1185 4301 alutem
1200 4245 1227 4302 io
1249 4247 1299 4304 bae
1317 4249 1370 4304 rita
1385 4251 1539 4321 pervenisse
1552 4266 1582 4309 se
1601 4252 1681 4311 dicat.
1703 4256 1770 4323 Quis

983 4336 1054 4393 enim
1070 4346 1157 4408 potest
1167 4346 1223 4402 <tam
1237 4338 1372 4408 perlectus
1384 4355 1536 4413 essequam
1551 4342 1672 4405 Paulusl
1686 4348 1718 4404 lit
1731 4350 1768 4405 ait

984 4434 1091 4496 tamen,
1118 4444 1128 4479 ι
1145 4426 1270 4495 Fratres,
1291 4443 1341 4501 ego
1357 4445 1401 4486 me
1419 4446 1472 4487 non
1491 4432 1606 4490 arbitror
1621 4438 1769 4507 apprehen-

983 4516 1055 4572 disse
1069 4534 1075 4569 ι
1091 4532 1172 4572 unum
1194 4526 1292 4585 aulem,
1316 4535 1375 4589 quan
1394 4530 1466 4578 retro
1481 4524 1599 4591 oblitus,
1623 4526 1650 4583 in
1663 4542 1695 4583 ea
1709 4546 1769 4601 que

983 4618 1121 4665 antesunt
1140 4616 1278 4678 extentos,
1303 4612 1448 4668 secundnm
1473 4615 1647 4675 intemionem
1670 4634 1770 4691 sequor

982 4697 1015 4753 ed
1037 4698 1151 4769 palmam
1171 4713 1293 4769 sopernsc
1305 4701 1450 4757 vocationis
1460 4702 1507 4757 Dei
1518 4704 1544 4759 in
1560 4702 1667 4763 Cbristu
1677 4709 1766 4765 lesos

984 4788 1112 4863 (Philipp.
1127 4806 1167 4859 ιιι,
1181 4788 1309 4864 lectt).
1324 4791 1404 4847 llidcs
1417 4792 1526 4851 Paolum
1543 4796 1631 4854 adbuc
1648 4814 1768 4869 currere,

983 4891 1010 4939 et
1020 4890 1047 4938 te
1058 4881 1112 4951 jam
1122 4881 1257 4937 existimas
1270 4882 1444 4953 pervenisse?

1019 4974 1045 5030 5.
1062 4972 1136 5047 [cern
1151 4970 1192 5047 2]
1207 4972 1235 5029 Si
1247 4988 1310 5045 ergo
1324 4960 1406 5030 sentis
1424 4989 1560 5046 pressuras
1574 4976 1653 5049 boios
1665 4980 1768 5049 mnndi,

142 5072 214 5119 etum
233 5071 286 5133 est,
310 5065 462 5121 ueniantque
481 5068 569 5123 axem
580 5068 628 5122 Lot
643 5068 718 5138 (Line,
734 5084 799 5137 χιιι,
810 5070 865 5142 32),
880 5072 930 5129 Ur.
980 5064 1062 5121 etiam
1082 5079 1143 5120 cunr
1162 5062 1224 5119 lelix
1239 5078 1286 5132 es,
1308 5063 1462 5120 intellexisti
1477 5073 1502 5121 tc
1516 5081 1576 5123 esse
1591 5069 1617 5122 in
1632 5070 1765 5125 torculari.

142 5154 205 5223 quid
227 5156 299 5211 enlm
322 5164 410 5211 sutor
431 5156 502 5227 salis
516 5158 611 5213 ellectu
625 5168 666 5213 cst
680 5158 756 5228 (Gerr.
770 5176 824 5228 ιιι,
835 5160 894 5231 26),
907 5163 930 5218 sl

141 5258 195 5299 rnre
218 5244 341 5301 bomines
362 5246 472 5315 condit,
499 5256 529 5303 ιιι
544 5247 664 5319 sapiant?
687 5249 758 5321 Ergo
779 5253 929 5322 exemplum

140 5334 332 5404 ultor-aloen,
345 5338 393 5393 tibi
407 5336 557 5405 ithunam,
575 5340 597 5393 si
623 5340 735 5395 caveris.
759 5340 929 5410 Mementote,

141 5424 238 5497 irrqotr,
250 5427 342 5484 uxoris
356 5427 407 5482 Lot
422 5444 430 5481 ι
444 5430 562 5499 respexit
575 5430 646 5485 enim
656 5437 739 5497 retro,
752 5432 823 5489 unde
833 5432 930 5489 libera·

139 5522 166 5569 ta
185 5526 244 5573 eret
262 5532 278 5573 a
303 5517 480 5584 &dominer
500 5518 536 5575 ibl
552 5522 688 5587 remansit,
704 5521 775 5579 node
788 5525 927 5595 respexit3

140 5603 200 5676 ipsa
213 5606 238 5663 io
250 5608 309 5667 loco
327 5622 466 5676 mansura,
479 5617 506 5665 et
520 5618 686 5669 transeuntes
698 5612 764 5670 alios
777 5614 926 5672 conditura.

174 5716 230 5770 ¹sle
242 5722 336 5785 umlg.
351 5726 394 5771 tls.
406 5718 449 5769 alit
459 5718 524 5781 libri,
539 5732 634 5784 eornm

983 5156 1085 5213 Putatis
1098 5156 1171 5213 enim
1184 5197 1192 5225 ,
1206 5154 1301 5212 iratres
1320 5157 1388 5225 mei,
1410 5156 1590 5214 infelicitatem
1603 5162 1692 5217 meoli
1709 5178 1768 5218 noe·

984 5247 1109 5304 tnerrdam
1122 5262 1201 5315 esse,
1224 5254 1252 5303 et
1273 5245 1425 5305 lclicitatcor
1440 5264 1493 5304 non
1508 5263 1567 5305 esse
1581 5253 1770 5310 metuendam?

984 5336 1041 5395 lmo
1051 5354 1114 5395 vero
1126 5338 1197 5394 nnlla
1210 5336 1351 5393 infelicitas
1367 5336 1473 5409 frangit,
1483 5355 1562 5410 quem
1577 5339 1689 5398 felicitas
1699 5346 1770 5403 nulla

984 5422 1143 5499 corrumpit.
1168 5425 1307 5496 Quomodo
1325 5416 1524 5497 ergocasenda
1546 5438 1573 5483 et
1595 5432 1710 5487 timenda
1729 5444 1768 5492 est

983 5522 1040 5594 ipsa
1054 5520 1227 5591 corruptrix,
1250 5532 1285 5576 ne
1298 5526 1325 5575 te
1344 5517 1505 5574 blaedleodo
1525 5519 1654 5577 seducant
1675 5522 1714 5580 Ne
1727 5526 1769 5581 in·

982 5613 1093 5673 cumbas
1104 5612 1131 5669 in
1146 5610 1267 5669 baculum
1287 5608 1438 5676 arundinis;
1460 5624 1520 5667 narn
1535 5620 1562 5672 ct
1576 5612 1627 5673 boe
1641 5617 1768 5687 scriptore

1019 5724 1107 5791 totu,
1118 5736 1236 5777 emersu.
1249 5730 1275 5773 at
1289 5728 1353 5782 uss,
1366 5732 1500 5775 ιαιιιτιιιιι,
