4084 6367
288 361 356 421 lili

287 477 389 542 laudes,
405 483 432 532 te
444 461 570 537 accuses3
584 465 646 540 quia
666 463 737 520 iliius
759 470 800 519 est
819 457 1021 524 misericordia,
1046 463 1076 510 ut

287 575 395 639 peccata
415 571 505 619 nostra
518 558 643 615 dimittat.
664 553 732 610 llam
755 550 777 607 si
801 550 883 606 vellet
906 543 1076 620 promeritis

287 673 378 730 agere,
393 671 446 712 non
459 651 591 708 inueniret
604 646 654 702 nisi
670 658 738 716 quos
750 642 900 697 damnaret.
917 638 1004 693 Venite
1013 648 1076 706 ergo

288 748 356 804 diuis
366 747 388 813 ¹,
404 752 433 801 ut
451 741 606 800 recedamus
618 736 675 808 jam
689 749 710 790 a·
719 732 836 805 peccatis
850 729 968 796 nostris,
983 736 1011 782 et
1024 739 1075 781 non

288 837 427 896 nobiscum
440 833 554 891 deducat
570 829 701 886 rationem
721 825 756 882 de
776 822 936 897 praeteritis;
950 819 997 876 sed
1016 829 1076 875 tao·

290 947 368 1001 ‹puam
384 925 481 983 tabulae
495 937 572 980 nore
585 921 660 988 liant,
674 917 790 974 incensis
804 914 929 971 omnibus
942 911 1079 982 chirogra-

290 1020 350 1092 phis
362 1017 513 1074 debitorum
529 1021 692 1071 nostrorum.
715 1007 818 1075 Quanta
833 1019 897 1076 ergo
912 1003 982 1059 iliius
1000 1002 1076 1067 laus,

289 1113 387 1181 quanin
401 1101 602 1169 misericordia,
615 1098 808 1161 confiteamur,
823 1095 915 1165 utique
928 1091 1077 1147 laudantes.

289 1197 392 1258 tiamsi
407 1210 513 1266 semper
527 1190 660 1251 confessio
675 1187 827 1260 poeaitentis
841 1193 922 1252 esset,
935 1198 989 1238 non
1003 1181 1078 1238 dire·

289 1298 364 1346 retur
377 1286 404 1342 in
418 1284 563 1355 Evangelio
575 1280 609 1338 de
622 1281 682 1352 ipso
694 1278 805 1334 Domino
815 1275 915 1331 :lnilta
923 1271 1080 1329 tiaraeasuln

289 1381 351 1435 tacit
363 1377 441 1433 lesus
452 1378 480 1430 in
493 1371 593 1445 Spiritu
604 1379 701 1435 mnata,
716 1375 740 1424 et
751 1369 798 1431 ait,
811 1365 939 1436 Confiteor
951 1363 1006 1427 tibi,
1024 1361 1079 1416 Pa·

290 1480 338 1536 ter,
346 1467 454 1524 Domine
464 1465 521 1521 coli
532 1474 556 1519 et
569 1473 652 1530 terrae,
661 1460 720 1533 quia
730 1457 882 1514 abscondisti
891 1459 945 1512 brec
957 1455 1081 1525 asapien-

291 1564 356 1619 tibus
370 1572 394 1617 et
409 1558 588 1631 prodentibus,
602 1564 626 1612 et
639 1553 755 1611 renemui
774 1567 805 1606 eu
826 1549 938 1621 paruulis
954 1545 1030 1618 (Dua.
1046 1562 1079 1614 s,

290 1655 348 1726 ΞΙ).
364 1650 496 1724 Numquid
515 1649 577 1721 quia
597 1646 721 1704 Christus
740 1641 925 1703 contuebatur,
947 1637 1080 1708 poeniteus

291 1743 366 1801 erat?
379 1743 455 1798 litum
471 1727 535 1795 ailatl
549 1737 681 1809 poenitere
693 1740 814 1805 poterat,
831 1731 891 1800 qnia
906 1728 974 1782 uiuit
987 1726 1081 1797 cuipa-

291 1837 380 1893 biliter
395 1833 508 1898 lecernt;
520 1829 567 1886 sed
580 1827 756 1885 confluebatur
767 1822 795 1879 in
811 1821 888 1877 laude
901 1819 998 1876 Patris.
1010 1819 1081 1888 Ergo

290 1927 352 2000 quia
366 1935 394 1981 et
407 1924 451 1978 bic
462 1917 648 1977 exsultationis
661 1917 737 1972 locus
750 1921 810 1982 est,
828 1911 898 1968 lorte
909 1911 983 1967 illam
996 1907 1080 1964 delic-

291 2033 351 2074 mus
365 2013 512 2086 intelligere
526 2007 722 2067 consessionem
736 2020 797 2078 qun
815 2011 858 2059 est
876 2002 904 2058 in
919 1999 997 2057 laude
1012 1999 1079 2055 Dei:

291 2106 362 2164 unde
375 2117 401 2163 et
414 2103 485 2160 Laus
498 2099 600 2169 cantici,
615 2109 646 2157 ut
660 2113 713 2154 non
726 2097 770 2152 isio
782 2092 962 2166 intelligamus
973 2090 1079 2148 contes-

292 2172 395 2257 sionem
418 2193 619 2266 penitentiam,
638 2188 687 2246 sed
703 2186 878 2244 laudentimn.
901 2183 937 2239 tta
955 2182 1019 2256 quid
1041 2191 1083 2238 est

291 2287 363 2361 quod
382 2285 510 2342 omninno
527 2295 577 2338 nos
596 2279 722 2336 admonet
734 2277 767 2333 dc
779 2277 895 2349 quadam
914 2272 1083 2331 contentane

290 2394 353 2437 cum
376 2379 435 2433 ait:
456 2375 646 2432 Ριιιιιιιίιιιιιι
669 2371 760 2444 sacient
780 2369 835 2440 ejus
856 2367 884 2421 in
903 2363 1083 2438 consessione?

290 2470 361 2542 Quid
383 2481 441 2538 est,
462 2466 651 2524 Proveniamus
671 2461 763 2535 facient
781 2460 837 2531 ejus
858 2458 886 2513 in
907 2454 1083 2529 contessione?

292 2563 428 2621 Venturos
436 2567 492 2628 est;
505 2557 694 2615 Prnnsniamus
705 2553 796 2626 faciem
807 2551 864 2623 ejus
874 2550 901 2604 in
911 2549 1082 2620 mnsesdone,

293 2653 385 2727 prius:
399 2659 543 2723 antequam
562 2648 668 2713 ueniat,
682 2659 732 2700 nos
752 2639 905 2699 conitendo
926 2639 1084 2695 damnemus

292 2745 364 2817 quod
373 2745 493 2808 lecimus,
503 2749 533 2797 ut
543 2739 588 2796 ille
600 2736 672 2817 quod
683 2741 806 2798 coronet,
818 2748 871 2788 non
880 2729 951 2803 quod
963 2730 1082 2798 damnet,

294 2834 422 2892 inveniat.
433 2830 567 2902 Numquid
580 2836 670 2884 autem
683 2835 711 2882 et
722 2825 775 2880 nna
787 2839 840 2880 non
852 2822 969 2894 pertinet
978 2820 1012 2876 ad
1027 2820 1086 2877 lau·

292 2925 356 2983 dem
377 2924 441 2993 Dei,
455 2920 561 2995 quando
581 2916 719 2975 condaris
740 2922 849 2986 peccata
864 2913 928 2968 tua?
942 2911 999 2966 lmo
1018 2925 1083 2966 vero

294 3015 412 3073 maxime
424 3014 541 3087 pertinet
551 3009 584 3066 ad
598 3007 703 3064 laudem
718 3005 776 3062 Dei.
789 3003 878 3072 Quare
890 3001 1009 3058 maxime
1020 3016 1084 3074 pcr-

294 3107 363 3162 tinet
371 3105 405 3162 ad
417 3103 523 3161 laudent
532 3101 598 3157 Deli
610 3099 675 3168 Quia
687 3104 761 3152 tanto
771 3094 885 3164 amplius
897 3091 1020 3147 laudatur
1029 3104 1085 3146 me-

294 3199 388 3268 dicus,
402 3205 502 3270 quanto
522 3193 582 3266 plus
600 3188 793 3262 desperabatur
808 3194 935 3258 aegrotus.
949 3181 1085 3240 Conlltere

296 3292 384 3363 itaque
395 3295 505 3361 peecata
519 3294 581 3353 tua,
596 3299 649 3357 quo
662 3282 747 3354 magis
758 3277 921 3350 desperabas
933 3274 968 3332 de
980 3281 1008 3331 te
1020 3287 1085 3346 pro·

296 3391 355 3454 pter
365 3380 516 3452 iniquitates
527 3386 596 3432 toas.
607 3374 693 3431 Tanto
704 3371 776 3429 enlm
790 3368 876 3439 maior
889 3367 946 3422 laus
958 3375 1000 3422 est
1011 3365 1087 3436 igno·

289 3470 407 3536 scentis,
421 3476 521 3540 quanto
535 3465 622 3536 maior
635 3459 804 3533 exaggeratio
817 3467 860 3514 est
875 3463 985 3527 peccata
998 3453 1085 3510 cond-

296 3562 386 3620 tentis.
409 3560 467 3617 Non
490 3573 555 3630 ergo
575 3567 698 3628 putemus
720 3550 868 3609 recusisse
890 3562 940 3606 nos
962 3562 979 3603 a
1003 3545 1085 3604 laude

266 3699 273 3707 .
294 3651 391 3711 cantici
402 3693 411 3720 ,
424 3651 446 3707 si
462 3649 531 3705 bano
542 3645 739 3704 mntesstoueu
759 3640 804 3696 laic
822 3637 1012 3709 intelligimus,
1033 3648 1084 3708 qua

296 3745 454 3802 eonfitemur
466 3749 575 3812 peecata
587 3745 679 3794 nostra
691 3753 699 3789 ι
713 3741 741 3792 ι1
753 3733 804 3789 boc
815 3731 849 3788 ad
867 3730 974 3786 laudem
987 3729 1086 3784 musici

295 3837 428 3910 pertiust;
443 3835 578 3905 quiscum
597 3837 703 3901 peccata
717 3833 808 3883 nostra
822 3823 1020 3896 cognoscimus,
1037 3822 1085 3878 Dei

295 3929 405 4000 glorium
427 3919 657 3983 commendamus.
681 3919 872 3976 Prnreniunrus
886 3918 977 3991 [acuns
990 3918 1046 3989 eius
1059 3917 1087 3973 in

293 4020 461 4096 consessmnc.

331 4113 358 4170 5.
379 4109 414 4166 Et
427 4108 453 4165 in
467 4106 571 4181 psalmis
580 4102 718 4176 jubilemus
729 4100 779 4156 itu.
800 4098 860 4157 lam
883 4098 999 4155 diximus
1020 4097 1085 4167 quid

295 4203 331 4258 sit
339 4201 466 4271 inuitare
478 4198 621 4268 repetitum
631 4203 683 4261 est,
692 4189 900 4248 utcondrmetur
909 4189 936 4243 in
949 4187 1085 4246 laniendo:

296 4295 354 4366 ipsa
366 4292 491 4366 repetitio
503 4288 655 4346 exinortatio
664 4291 716 4342 est.
728 4283 788 4345 lion
800 4281 871 4338 enim
881 4279 937 4351 jan
950 4277 1026 4335 obliti
1039 4293 1085 4334 su·

296 4401 372 4453 mus,
387 4391 417 4439 ut
426 4383 482 4455 jam
495 4379 596 4436 muneri
610 4391 659 4432 nos
671 4374 802 4439 velimus,
818 4387 877 4442 quae
890 4370 961 4426 dicta
973 4369 1029 4426 sint
1039 4385 1086 4426 su·

297 4475 396 4549 penius,
412 4482 440 4530 nt
451 4471 594 4544 jubilemus
606 4486 613 4524 :
624 4465 673 4524 sed
685 4465 842 4537 plerumque
853 4463 881 4518 iu
893 4461 992 4517 allecto
1004 4460 1086 4518 animi

296 4568 427 4638 repetitur
435 4564 544 4620 uerbum
553 4559 622 4633 quod
637 4571 727 4615 notum
738 4565 807 4622 erat,
816 4569 869 4610 uon
883 4561 913 4610 ut
925 4553 1085 4623 innoteseat,

296 4659 344 4716 scd
359 4666 388 4714 ut
402 4657 457 4728 ipsa
469 4653 593 4724 repetitio
603 4639 682 4706 lac'iat
692 4645 941 4712 confirmationem,
954 4643 1087 4715 repetitur

296 4749 368 4806 enim
388 4746 423 4802 ad
444 4741 642 4814 intelligendum
664 4737 787 4795 affectum
812 4735 935 4792 dicentis.
957 4734 1020 4789 lnde
1046 4740 1087 4788 est

295 4837 366 4912 quod
382 4837 446 4894 dicit
461 4835 598 4899 Dominus,
612 4832 703 4895 Amen,
718 4845 790 4884 umen
803 4827 861 4881 diro
871 4825 940 4881 uobis
952 4824 1042 4896 (loun.
1059 4840 1084 4892 ι,

295 4931 341 5004 ut)
357 4947 364 5000 ;
380 4927 528 4986 sufficiebat
546 4923 626 4979 Anien
647 4935 745 4985 unum;
765 4932 866 4989 quare,
881 4916 978 4984 Amen,
994 4931 1084 4980 amen,

295 5023 346 5081 nisi
370 5022 431 5095 quia
455 5019 513 5090 ipsa
535 5014 660 5087 repetitio
675 5009 841 5066 crrnlnuatio
856 5008 914 5063 esti
927 5005 961 5060 ln
981 5006 1087 5080 psalmis

294 5126 368 5185 ergo,
382 5111 468 5182 inquit
477 5151 483 5174 ‚
493 5104 633 5181 jubilenrus
646 5103 696 5158 illi.
711 5101 746 5156 tet
757 5115 818 5172 quac
838 5097 958 5156 dicemus
971 5099 997 5154 in
1012 5095 1086 5167 psal-

294 5207 363 5263 mis?
375 5219 434 5278 quae
454 5203 592 5266 dicemus,
611 5197 654 5254 rel
675 5195 763 5267 potius
776 5194 925 5250 sentiemus
937 5191 965 5246 in
984 5189 1085 5260 jubila-

294 5297 383 5355 tionel
398 5309 457 5366 quae
468 5301 599 5363 suntque
613 5287 747 5360 portinent
759 5285 792 5342 ad
807 5283 914 5340 laudem
925 5282 1022 5338 cantici
1035 5280 1085 5336 ltu-

291 5389 353 5461 jusl
366 5386 424 5445 lam
436 5384 545 5442 audite:
557 5379 684 5452 Quoniam
700 5377 767 5433 Deus
782 5391 889 5447 magnus
901 5383 937 5430 est
948 5371 1083 5439 Dominus,

293 5489 318 5538 et
330 5494 377 5536 ren
388 5491 494 5551 magnus
506 5491 583 5548 super
594 5487 680 5530 omnes
694 5469 753 5525 deos
763 5484 772 5522 .·
784 5477 926 5539 propterea
940 5478 1005 5534 ergo
1013 5461 1086 5533 julii·

294 5574 381 5629 lemus
391 5571 439 5627 illi.
449 5569 574 5637 Quoniam
583 5582 633 5621 nou
644 5559 747 5635 repellet
756 5558 879 5629 Dominus
889 5556 985 5630 ρ1ι1ιιιι
993 5569 1085 5610 suum:

292 5789 310 5839 d
325 5727 333 5758 ι
346 5723 529 5789 qqpppqpmg
542 5718 676 5782 renuergo
684 5713 776 5768 atem.
789 5721 839 5764 tun
849 5718 878 5765 et
888 5718 935 5764 tin:
948 5707 1015 5763 Venit
1027 5721 1084 5775 ergo

310 5800 389 5840 maru.

897 347 926 402 S.
946 340 1127 404 AUGUSTlNl
1147 341 1295 402 uniscunt

1796 339 1799 350 '
1849 351 1919 409 reso

1876 425 1894 460 Ι

1128 455 1273 526 jubilemus
1287 455 1337 512 illl.
1355 456 1481 526 Quotsimn
1494 458 1519 512 in
1535 475 1610 514 ιιιιιιι
1625 461 1680 533 ejrts
1691 459 1700 496 ¹
1711 463 1776 534 pnes
1788 471 1879 531 letroe,
1895 479 1920 522 et

1128 547 1273 602 altitudines
1286 548 1408 603 nautium
1425 548 1505 618 tpuaa
1517 559 1576 605 suut
1587 565 1597 605 .·
1610 551 1636 606 in
1650 549 1692 608 his
1705 553 1831 612 omnibus
1843 555 1920 626 jobi·

1130 636 1216 693 lemus
1230 637 1276 692 illi.
1292 638 1419 706 Quoniam
1430 638 1510 710 ipsius
1522 648 1558 694 est
1570 656 1648 708 mare,
1663 650 1689 697 et
1699 642 1753 716 ipse,
1767 645 1826 717 facit
1839 645 1918 712 illud,

1127 737 1153 783 et
1165 729 1263 784 andam
1277 739 1370 786 tanam
1382 747 1472 786 manus
1484 730 1539 801 ejus
1551 732 1697 804 finxerunt:
1707 733 1853 804 jubilemus
1867 736 1919 792 illi.

1130 819 1182 877 Sed
1195 820 1351 879 haecomnia
1363 821 1426 894 quid
1438 822 1489 880 sibi
1498 821 1592 890 relius,
1605 823 1629 880 si
1641 833 1821 898 congruenter
1830 826 1923 884 diseu-

1130 914 1239 982 tiantur,
1253 921 1358 985 tempus
1370 913 1439 972 torte
1453 929 1506 971 uon
1520 915 1619 972 sullicit
1629 933 1636 972 ι
1648 916 1696 974 sed
1706 934 1797 977 rursus
1807 919 1831 977 si
1841 921 1921 992 peni·

1131 1011 1173 1060 tus
1197 1006 1383 1077 negligantur,
1405 1006 1539 1064 debitores
1561 1010 1772 1068 remanebimus.
1797 1012 1921 1072 Breviter

1131 1095 1220 1168 itaque
1241 1111 1289 1168 pro
1311 1105 1448 1168 tempore,
1464 1105 1591 1170 quantum
1606 1101 1785 1174 perstringere
1798 1107 1921 1174 potueri·

1131 1203 1203 1260 mus,
1215 1189 1343 1262 accipite;
1356 1191 1417 1263 qnia
1430 1199 1458 1248 et
1471 1206 1553 1262 pauca
1563 1193 1665 1249 semina
1675 1193 1837 1253 uberrimam
1848 1212 1923 1254 mes

1130 1297 1188 1338 sem
1200 1280 1330 1349 referunt,
1345 1283 1367 1338 si
1378 1282 1414 1340 sit
1426 1291 1496 1338 terra
1509 1281 1658 1340 lructilcra.

1167 1373 1193 1428 6.
1208 1372 1283 1446 [aens.
1296 1372 1336 1446 5.]
1355 1373 1474 1430 Primum
1489 1389 1572 1446 quare
1584 1374 1749 1447 jubilemus,
1763 1391 1846 1449 quare
1860 1377 1921 1433 lau·

1131 1463 1235 1532 «temus,
1249 1464 1299 1522 lunc
1314 1463 1420 1536 posuit:
1437 1463 1563 1534 Quoniam
1575 1463 1647 1522 Deus
1656 1481 1763 1538 nrugnus
1776 1478 1813 1522 est
1828 1467 1921 1524 Domi·

1133 1571 1189 1622 irus,
1201 1564 1224 1610 et
1236 1571 1282 1610 reu
1294 1571 1398 1627 mugnus
1409 1570 1485 1626 super
1495 1571 1581 1610 omnes
1592 1555 1661 1611 daos.
1670 1554 1738 1613 Sunt
1750 1570 1814 1630 ergo
1827 1558 1865 1616 dii
1877 1573 1923 1616 su·

1133 1661 1180 1716 por
1192 1660 1259 1717 quos
1270 1646 1307 1702 sit
1318 1661 1429 1718 magnus
1443 1644 1513 1702 Deus
1526 1654 1628 1712 noster,
1644 1647 1686 1702 cui
1704 1645 1864 1719 jubilamus,
1879 1649 1922 1707 cui

1132 1737 1366 1805 exsultamus,cui
1388 1737 1480 1794 laudes
1501 1738 1598 1793 cantici
1620 1737 1752 1804 dicimus:
1775 1749 1853 1808 suot,
1874 1742 1923 1798 sed

1132 1845 1186 1886 non
1207 1829 1295 1892 uobis.
1316 1830 1460 1901 apostatas
1481 1830 1551 1886 enim
1577 1829 1614 1884 ait
1634 1847 1641 1884 ι
1662 1846 1674 1882 ι
1696 1830 1764 1886 Νιιι
1784 1833 1835 1888 etsi
1860 1840 1925 1888 sirm

1132 1921 1178 1994 qui
1196 1921 1321 1978 dicuntur
1334 1919 1381 1989 dil,
1393 1921 1450 1976 sire
1469 1921 1496 1976 iu
1513 1920 1593 1988 melo,
1611 1921 1667 1976 sire
1686 1920 1714 1976 in
1734 1928 1816 1990 terra,
1828 1935 1925 1994 quem

1134 2011 1277 2069 admodum
1293 2021 1357 2068 sunt
1367 2012 1405 2068 dii
1423 2011 1500 2068 multi
1514 2019 1541 2067 et
1555 2010 1657 2067 domiui
1672 2011 1771 2068 multi:
1788 2010 1867 2069 nobis
1881 2022 1924 2068 ta·

1134 2119 1196 2160 meu
1216 2117 1285 2160 usius
1310 2102 1398 2170 Deus,
1413 2117 1446 2160 er
1460 2116 1513 2173 quo
1525 2099 1631 2168 omnia,
1646 2111 1673 2156 et
1686 2116 1736 2158 nos
1757 2117 1805 2173 per
1818 2102 1923 2175 ipsum,

1134 2203 1162 2252 et
1179 2211 1247 2252 unus
1267 2193 1396 2251 Dominus
1415 2203 1507 2251 noster
1522 2191 1600 2250 iosus
1621 2190 1761 2260 Claristus,
1781 2208 1923 2267 perquem

1134 2285 1234 2348 omnia,
1249 2293 1276 2340 et
1289 2297 1339 2341 nos
1353 2281 1378 2340 in
1392 2283 1451 2355 ipso
1466 2302 1476 2338 a
1495 2281 1523 2354 (1
1536 2281 1595 2338 Cor.
1609 2297 1671 2348 ιιιι,
1686 2281 1836 2356 suntsi
1859 2299 1925 2357 ergo

1136 2389 1188 2430 uon
1214 2375 1308 2444 nobis,
1323 2373 1444 2446 quibusl
1466 2372 1536 2430 ludi
1561 2387 1595 2428 ex
1621 2373 1673 2428 alio
1696 2374 1800 2445 psalmo
1820 2392 1828 2430 ι
1850 2375 1924 2446 Qua-

1135 2465 1204 2519 nium
1216 2464 1252 2520 dii
1265 2461 1383 2520 Gentium
1395 2463 1537 2531 docuerim
1555 2461 1679 2518 Dominus
1694 2474 1779 2518 autem
1793 2465 1871 2522 catat
1887 2469 1926 2538 se·

1135 2561 1168 2616 cit
1182 2558 1268 2635 (Psal.
1279 2573 1342 2627 xcv,
1353 2557 1392 2632 5).
1406 2556 1616 2630 Magnificentius
1630 2566 1656 2614 et
1668 2557 1776 2614 buerius
1790 2557 1837 2614 tibi
1851 2572 1927 2616 cnm-

1137 2651 1263 2708 mendare
1275 2666 1329 2706 non
1349 2650 1433 2723 potuit
1449 2649 1564 2722 Spiritus
1574 2660 1682 2706 sanctus
1696 2665 1744 2722 per
1759 2649 1925 2722 Prophetam

1136 2742 1218 2798 ὓιιιιιι
1230 2751 1258 2800 ιι
1270 2742 1410 2799 Dominum
1421 2749 1505 2798 tuum.
1521 2742 1617 2798 Parum
1632 2741 1703 2798 euim
1715 2751 1774 2800 erat
1791 2743 1852 2816 quia
1868 2753 1926 2802 ter·
1943 2803 1952 2817 .

1136 2831 1220 2890 ribilis
1241 2833 1424 2903 superomnia
1439 2831 1570 2888 annania
1586 2831 1658 2889 Deus
1673 2851 1680 2888 :
1695 2833 1758 2905 quid
1780 2849 1928 2906 magnum,

1136 2939 1197 2982 esse
1208 2939 1287 2994 sopor
1298 2923 1387 2980 omnia
1402 2923 1550 2980 daemonia?
1563 2923 1630 2990 Quia
1644 2924 1679 2980 dii
1694 2923 1810 2981 &unium
1824 2927 1925 2986 dona·

1136 3019 1188 3072 nia.
1203 3016 1253 3074 Ubi
1267 3026 1355 3073 autem
1371 3016 1441 3072 Dcus
1455 3015 1535 3072 tuusl
1549 3015 1673 3072 Dominus
1692 3025 1775 3073 antem
1792 3019 1868 3075 eoelos
1886 3023 1926 3094 se·

1135 3110 1179 3164 ait.
1190 3108 1257 3165 illud
1270 3107 1331 3165 lecit
1340 3108 1467 3164 Dominus
1479 3115 1551 3174 tuus,
1566 3107 1609 3164 ubi
1622 3123 1674 3166 non
1684 3117 1796 3180 possunt
1805 3109 1928 3170 nautum

1135 3199 1266 3256 damonia
1281 3217 1290 3258 ε
1304 3199 1338 3255 de
1350 3199 1425 3255 omlis
1438 3200 1509 3255 euim
1522 3199 1623 3270 deiecta
1635 3201 1848 3258 sutttdremouia.
1858 3203 1927 3262 Coeli

1137 3299 1326 3364 preponuntur
1338 3290 1487 3356 daemoniis,
1503 3291 1632 3348 Dourims
1643 3300 1704 3348 tuus
1717 3299 1744 3350 et
1758 3293 1850 3361 coelis;
1863 3296 1929 3367 quia

1137 3383 1265 3440 Dominus
1279 3393 1338 3438 tuus
1350 3394 1377 3438 et
1398 3384 1481 3440 eoelos
1492 3381 1564 3440 lecit.
1578 3385 1683 3453 Quanto
1696 3400 1761 3457 ergo
1777 3387 1856 3443 altior
1869 3389 1929 3444 dae-

1137 3475 1234 3532 moniis
1245 3474 1296 3530 diis
1308 3473 1442 3542 Gentium,
1458 3475 1503 3546 qui
1517 3475 1596 3531 altior
1608 3476 1734 3532 estcoelis
1746 3515 1754 3544 ,
1768 3475 1839 3534 unde
1852 3479 1928 3544 ceci·

1136 3565 1234 3624 derunt
1245 3566 1352 3638 angeli,
1366 3576 1395 3622 ut
1405 3567 1502 3623 flerent
1515 3565 1669 3624 daemonia?
1683 3567 1715 3624 iit
1731 3576 1818 3625 tamen
1833 3581 1929 3642 gentes

1137 3673 1231 3714 omnes
1241 3657 1291 3714 sub
1301 3657 1467 3714 anmantuus
1485 3666 1561 3715 eraut
1576 3676 1582 3713 :
1599 3659 1764 3717 demonibus
1774 3662 1874 3732 templa
1887 3661 1929 3717 la-

1137 3749 1239 3806 bricata
1252 3759 1323 3819 sunt,
1334 3747 1500 3808 daemonibus
1513 3766 1567 3807 arna
1576 3759 1748 3820 constructae,
1761 3751 1929 3810 demonibus

1137 3841 1291 3900 sacerdotes
1303 3842 1426 3910 instituti,
1440 3842 1605 3899 dnnranibus
1617 3843 1705 3899 oblata
1715 3843 1856 3912 sacrificia,
1872 3844 1930 3900 dn·

1138 3934 1261 3991 monibus
1274 3933 1407 4006 arreptitii
1421 3942 1544 4007 tanquam
1555 3943 1628 3994 rates
1638 3935 1748 3992 inducti.
1761 3935 1823 3993 llaec
1835 3937 1928 3996 omitia

1138 4023 1305 4082 dromonibus
1324 4033 1417 4096 gentes
1440 4025 1641 4094 exhibuemnt;
1666 4026 1724 4085 hnc
1747 4028 1836 4086 omnia
1863 4044 1931 4090 rcus

1138 4117 1245 4176 nonnisi
1259 4117 1304 4173 uni
1319 4129 1416 4188 magno
1428 4117 1483 4174 Deo
1496 4117 1648 4176 debentur:
1664 4118 1792 4191 templum
1807 4118 1931 4178 lacerum

1139 4219 1232 4281 gentes
1251 4209 1437 4276 daemonibus;
1453 4209 1535 4266 baltet
1556 4210 1628 4268 Deus
1639 4213 1766 4283 tempium
1781 4229 1788 4266 :
1802 4212 1932 4269 sacerdo·

1140 4310 1180 4356 tes
1193 4300 1314 4356 lecerunt
1326 4308 1418 4372 genus
1432 4299 1616 4369 damonibus3
1630 4301 1710 4358 ltabet
1722 4302 1790 4358 Deus
1800 4303 1931 4360 sacerdo·

1139 4401 1192 4448 tom
1206 4394 1237 4449 ¹:
1251 4392 1411 4450 sacriiicium
1433 4394 1610 4450 exhibuerunt
1630 4404 1723 4466 gentes
1743 4394 1931 4464 daemonibus;

1139 4482 1218 4538 habet
1228 4483 1299 4540 Deus
1312 4483 1484 4540 sacrtuciuu.
1496 4485 1600 4540 Etenim
1611 4485 1648 4540 ilii
1659 4485 1794 4542 daemones
1808 4485 1932 4544 uolentes

1140 4574 1224 4632 uideri
1234 4575 1270 4630 dii
1283 4616 1290 4643 ,
1302 4589 1355 4630 non
1370 4575 1420 4632 sibi
1444 4579 1494 4631 ista
1511 4576 1649 4648 exigerent
1671 4586 1700 4632 ut
1722 4575 1863 4646 saltarent,
1877 4579 1933 4635 uisi

1139 4666 1199 4738 quia
1209 4666 1337 4722 sciuntea
1350 4666 1443 4723 deberi
1457 4682 1522 4722 rero
1532 4667 1595 4723 Deo.
1608 4666 1665 4725 lloc
1677 4669 1747 4724 enim
1760 4683 1818 4724 mos
1830 4679 1871 4724 est
1882 4669 1933 4726 de·

1139 4756 1197 4813 beri
1211 4772 1275 4812 uero
1291 4757 1355 4823 Deo,
1367 4755 1436 4828 quod
1455 4757 1505 4814 sibi
1516 4758 1598 4828 exigit
1612 4757 1693 4820 lnlsus
1711 4757 1786 4814 dous.
1799 4757 1870 4830 Ergo
1883 4776 1932 4814 rc·

1139 4865 1199 4906 rum
1219 4849 1346 4920 templum
1364 4849 1411 4905 Del
1430 4851 1609 4922 agnoscimus.
1633 4849 1764 4920 Terrtplum
1785 4851 1853 4906 enirn
1881 4851 1933 4908 Dei

1138 4951 1254 5000 sonetum
1276 4951 1330 5008 est,
1347 4942 1446 5014 inquit,
1459 4942 1527 5014 quod
1544 4943 1602 5000 estis
1617 4941 1816 5014 conliduntur,
1831 4941 1889 5016 11).
1902 4945 1932 5001 Si

1139 5047 1203 5104 ergo
1223 5047 1273 5090 nos
1287 5047 1379 5090 sumus
1392 5032 1519 5104 templum
1535 5033 1601 5099 bei;
1617 5049 1662 5090 ιιι
1677 5034 1723 5090 Dei
1735 5035 1823 5092 anima
1837 5048 1932 5092 nostra

1139 5133 1190 5180 est.
1214 5123 1380 5179 Sacrificium
1407 5123 1452 5178 Dei
1473 5123 1537 5195 quid
1563 5122 1626 5179 estl
1640 5123 1721 5182 l'orte
1744 5123 1796 5181 lanc
1817 5123 1933 5182 laciums

1140 5213 1220 5270 modo
1233 5255 1240 5281 ,
1253 5213 1418 5287 imponimus
1433 5215 1458 5270 iu
1473 5229 1518 5270 ara
1531 5213 1691 5271 sacrificium
1703 5258 1711 5285 ‚
1723 5215 1828 5286 qnarrdo
1844 5216 1933 5272 Deum

1138 5305 1294 5382 laudamus;
1308 5305 1387 5360 docet
1401 5305 1472 5360 enim
1495 5321 1543 5362 uos
1559 5307 1693 5378 psalmus,
1706 5307 1797 5364 diceus
1812 5327 1820 5363 ι
1836 5307 1933 5364 Sorri-

1138 5399 1223 5468 ficiuns
1234 5397 1317 5452 laudis
1324 5397 1473 5466 glorificabit
1485 5413 1535 5466 nse,
1549 5408 1571 5454 et
1582 5399 1617 5453 ibi
1628 5400 1668 5454 uin
1680 5409 1727 5465 est,
1741 5399 1784 5454 ubi
1799 5401 1934 5456 ostendum

1137 5486 1176 5542 illi
1189 5485 1301 5543 salutare
1314 5485 1365 5541 Del
1377 5485 1462 5561 (Psal.
1476 5505 1548 5554 xurx,
1562 5487 1619 5560 25).
1636 5491 1671 5544 ut
1683 5504 1748 5545 roro
1762 5491 1934 5548 sacerdotem

1169 5643 1253 5707 ¹tpud
1271 5643 1502 5706 uonadditumest,
1527 5641 1936 5708 mues,·qunuanatttssuo.eta
2033 5721 2034 5730 ἵ

1136 5711 1190 5756 tiss.
1201 5707 1279 5756 abest.

1171 5769 1181 5798 ¹
1193 5770 1229 5819 sic
1240 5774 1292 5818 ttss.
1305 5775 1331 5818 tt
1342 5767 1409 5830 sud,
1422 5769 1565 5818 sacerdotes.
