4084 6367
179 279 251 340 pm
718 263 1146 340 annmtatomasttatuu
1164 271 1276 364 ertu.
1738 278 1808 340 toto

179 387 667 469 saliias'iQaiooat'aqitsoriptursm
677 392 965 464 mraetmmmea·
1019 385 1109 453 ribus,
1132 389 1215 446 tristis
1235 391 1534 461 abscessitlQuomodo
1553 405 1646 468 postea
1669 399 1808 468 respondit

180 497 224 552 tis.
238 494 285 550 lile
298 492 344 564 qui
358 491 642 562 annitiatpeoentores
654 501 739 558 usqae
748 485 782 540 ad
796 495 905 550 terram,
920 482 965 539 ille
1018 477 1151 548 Apostolis
1162 475 1344 540 corrtristatis?
1358 482 1421 550 Quae
1433 484 1573 541 leminilur
1583 485 1714 560 diffieilia¹
1733 498 1804 560 suut,

179 587 225 659 quq
242 585 355 654 suseepti
372 590 544 648 mansuetos,
563 579 673 649 cooperit
690 577 781 634 celum
798 571 914 631 nulllus.
931 573 965 628 Et
1017 566 1072 625 Deo
1085 571 1172 642 [acilia
1189 582 1246 626 tunt
1259 571 1363 646 (llattl.
1378 591 1432 645 ιιι,
1446 576 1547 650 teet).
1563 577 1633 650 Ergo
1652 577 1698 635 ille
1711 581 1810 635 ecoriri

177 682 239 751 quis
248 677 442 735 „mmmm
454 674 525 748 quod
538 681 694 744 mmmm
708 679 749 728 ω
764 666 894 726 „mebant
904 665 963 728 qui
1017 661 1079 728 iacit
1094 663 1120 718 in
1140 665 1263 721 mamilus
1277 670 1378 740 senam,
1391 670 1433 724 oui
1447 671 1535 727 omnio
1548 668 1636 730 incilia
1650 680 1721 728 sunt.
1736 671 1805 730 Nam

178 771 290 834 amm
310 766 373 827 endi
386 766 458 837 quod
470 766 590 837 sequitur
604 783 612 820 ι
627 762 677 831 Qui
689 762 798 832 cooperit
811 758 901 815 celum
914 773 963 811 nu·
1017 752 1082 808 ninii
1101 764 1172 812 esset
1194 757 1311 816 sterilius
1331 759 1481 820 durissimis
1498 766 1641 822 montibus.
1664 765 1736 822 Pleit
1760 766 1806 824 ille

176 863 269 928 bidus,
286 861 330 932 qui
352 869 427 931 parat
445 867 519 913 terre
542 857 663 927 planiam.
683 854 733 924 Qui
749 851 858 926 cooperit
875 851 964 906 celum
1016 844 1059 913 etti
1073 845 1134 931 lacit
1147 847 1241 902 exoriri
1254 848 1281 904 iu
1291 851 1416 906 mantiles
1428 852 1530 923 senum,
1542 863 1566 908 et
1580 853 1681 910 leriam
1693 857 1807 913 seruituti

175 952 284 1011 „aaa
294 967 305 1006 .·
316 949 464 1020 expetisti,
478 947 604 1019 quianon
617 947 691 1005 tides
704 944 818 1010 ooeldm;
833 956 893 997 cum
905 939 965 1012 plu·
1016 929 1157 994 leoninum.
1176 940 1224 996 Cui
1238 943 1349 998 seruituti
1358 944 1371 1000 l
1381 943 1468 1016 ipsum
1484 946 1593 1002 Paulum
1608 949 1732 1006 attende:
1748 949 1806 1006 llos

176 1045 257 1110 orit¹‚
266 1041 614 1106 ituctilieabis‚etserenum
623 1037 736 1094 ridebis.
749 1033 864 1105 Coeperit
874 1032 963 1087 eelim
1016 1040 1119 1101 autem,
1136 1032 1236 1104 inquit,
1250 1053 1334 1092 seruos
1352 1047 1445 1096 uestros
1470 1057 1515 1112 per
1526 1038 1616 1096 leram
1627 1041 1753 1097 Citristunt
1764 1043 1774 1114 l
1782 1039 1807 1099 tt

173 1136 301 1202 mrem,
316 1135 358 1204 que
375 1141 448 1204 parat
464 1142 537 1188 tene
551 1128 761 1204 pincionemonte
774 1127 825 1182 noe
838 1125 900 1182 lecit
913 1124 964 1180 ao·
1016 1124 1076 1182 cor.
1088 1141 1131 1192 ιι,
1146 1127 1163 1182 5
1175 1125 1195 1200 ).
1211 1127 1260 1196 Qui
1274 1130 1387 1200 dicebat,
1414 1132 1446 1190 Si
1462 1151 1507 1189 eos
1521 1135 1588 1189 nolis
1601 1135 1744 1206 spiritualia
1762 1151 1803 1191 te·

173 1227 265 1284 ninus
279 1227 351 1284 ilaus
363 1233 463 1280 noster.
475 1223 532 1280 Nisi
544 1223 615 1279 enim
625 1221 785 1278 haberemus
796 1218 962 1274 occasionem
1019 1219 1185 1287 minoricam,
1207 1239 1324 1294 uenenum
1343 1235 1378 1282 est
1401 1226 1422 1280 si
1436 1236 1516 1282 vestm
1531 1227 1644 1282 comalio
1659 1227 1806 1284 metamus?

172 1319 344 1378 (ιΙιιιιιιίιιιίι
358 1319 564 1390 scripturarum,
580 1318 632 1374 itta
645 1315 720 1372 voltis
733 1330 786 1370 nou
801 1311 960 1377 diceremus,
1016 1323 1123 1366 sertum
1138 1328 1167 1367 se
1179 1313 1254 1369 dixit.
1269 1312 1404 1372 servimus
1419 1317 1489 1373 enim
1504 1319 1588 1386 voltis,
1604 1319 1707 1376 iratres.
1720 1313 1806 1375 Nemo·

170 1412 271 1484 quibas
293 1409 424 1484 ssulatim
448 1408 511 1467 ttae
532 1423 596 1479 oreo
616 1406 729 1462 iactasse
752 1405 840 1476 pluvio
864 1411 906 1464 est
929 1401 961 1456 ad
1016 1417 1046 1457 se
1067 1412 1187 1458 nostrum
1204 1403 1363 1476 dicatqussi
1377 1407 1503 1478 majorem
1525 1407 1600 1467 vobis
1613 1425 1682 1465 esse.
1697 1409 1803 1465 Erimus

170 1517 255 1573 qnam
270 1501 401 1573 pendetis.
424 1500 541 1570 Exprimi
562 1500 638 1556 vonis
653 1515 700 1568 per
714 1499 829 1568 lineatam
844 1504 962 1552 nostram
1015 1494 1142 1565 majores,
1163 1495 1185 1550 si
1206 1495 1336 1553 fuerimus
1357 1495 1512 1557 hundllores
1526 1519 1533 1556 ι
1548 1501 1705 1576 Quicumque
1719 1511 1804 1556 autent

172 1601 337 1664 eorrpmset,
348 1593 399 1648 nisi
412 1593 481 1649 Deus
501 1591 616 1646 utilibus
627 1590 770 1662 liqurnrum
779 1587 876 1644 coelrtm
887 1585 961 1641 Scri·
1014 1586 1130 1642 vulterre
1145 1587 1228 1662 turciae
1241 1597 1360 1658 oestrum,
1375 1587 1480 1646 Domini
1492 1593 1685 1661 sementinam,
1700 1593 1747 1646 erit
1762 1607 1804 1650 ne·

169 1697 311 1759 ptumum
323 1687 482 1756 cooperiret.
490 1685 532 1740 Ad
542 1685 595 1740 lrec
603 1699 667 1754 ergo
675 1682 719 1737 ille
730 1681 850 1752 cooperit
864 1679 960 1737 coelttm
1013 1685 1065 1731 ster
1077 1693 1160 1732 aereus
1172 1677 1338 1750 (liutran,
1349 1679 1406 1754 26).
1417 1679 1487 1752 lingo
1499 1681 1591 1738 metiri
1600 1684 1662 1753 lacit
1673 1683 1699 1739 t’tt
1708 1684 1803 1738 monti·

168 1779 299 1846 ‚sinatque
313 1788 342 1834 nt
352 1785 425 1848 peret
439 1787 516 1832 terre
526 1776 652 1847 pluviam.
662 1774 702 1830 td
716 1773 767 1830 loo
779 1773 892 1830 obscura
901 1787 961 1828 esso
1013 1767 1060 1823 lus
1072 1773 1158 1842 {entra
1169 1779 1191 1825 et
1202 1771 1303 1826 leriam
1313 1775 1425 1829 seruituti
1435 1773 1576 1830 laminam.
1586 1775 1684 1832 Paulus
1694 1775 1801 1847 quitiam

171 1870 255 1926 potnit
271 1869 342 1925 dieta
364 1867 577 1939 Prophetarum,
593 1874 623 1925 ιιι
641 1865 771 1922 haberent
785 1872 876 1936 postea
890 1861 961 1922 servi
1014 1861 1149 1932 apostotus
1160 1861 1282 1916 ruarrllms
1293 1865 1348 1919 suis
1358 1865 1460 1931 virens,
1474 1865 1559 1935 ipsum
1571 1863 1661 1921 lenum
1672 1867 1801 1922 ruentium

175 1962 225 2020 liei
245 1961 317 2032 quoti
342 1959 542 2030 interpretando
566 1958 706 2014 induerent
731 1970 811 2026 super
832 1970 911 2011 aures
934 1962 961 2009 et
1013 1950 1100 2005 noluit
1113 1952 1254 2022 accipere;
1271 1953 1354 2009 noluit
1366 1954 1502 2026 ludigero·
1517 1973 1524 2009 ι
1539 1957 1586 2012 sed
1599 1965 1685 2012 tannen
1698 1966 1802 2014 montes

169 2053 252 2110 eorde
264 2049 606 2120 hominumexcipientium
617 2048 651 2104 de
659 2047 773 2104 anubibus
784 2046 830 2102 tici
840 2044 960 2117 neman
1012 2042 1112 2101 debent
1125 2044 1225 2102 lenium.
1237 2045 1304 2101 ilum
1315 2047 1376 2116 quis
1387 2046 1431 2102 ille
1441 2046 1527 2102 noluit
1538 2049 1669 2120 accipere,
1680 2059 1802 2120 propter·

173 2146 273 2206 taettptae
292 2143 449 2215 spiritualis.
472 2143 522 2212 Qui
540 2143 651 2215 cooperit
669 2142 759 2198 ectum
777 2139 901 2208 caulibus,
916 2139 960 2210 qui
1011 2149 1044 2190 oe
1057 2146 1160 2192 montes
1173 2134 1238 2191 dare
1248 2153 1299 2193 non
1314 2137 1452 2204 deberent,
1465 2146 1493 2192 ut
1501 2137 1606 2194 steriles
1616 2141 1803 2197 remanerent?

168 2245 243 2307 past
257 2247 332 2292 terro
344 2236 465 2307 pluuium.
1012 2225 1130 2283 Debetur
1156 2227 1249 2298 pluviae
1273 2230 1385 2294 fructus,
1407 2229 1518 2286 debetur
1537 2245 1615 2286 serto
1632 2231 1717 2302 cibus,
1732 2234 1803 2290 sicat

207 2326 250 2385 li.
270 2329 321 2397 Qui
337 2329 431 2386 caedri
448 2328 510 2398 [ecit
523 2328 551 2382 in
564 2327 689 2383 montilns
704 2329 804 2397 imunt,
819 2335 842 2380 ct
857 2323 959 2389 leriam
1013 2319 1143 2376 Dominus
1155 2323 1208 2376 sit:
1222 2321 1376 2378 llandaoate
1390 2339 1446 2394 qaae
1457 2324 1488 2378 al
1501 2325 1564 2396 ipsis
1572 2335 1640 2382 sunt
1657 2325 1690 2382 Et
1703 2343 1738 2384 ue
1752 2343 1801 2402 pu-

167 2420 281 2476 oeroituti
299 2420 438 2477 lentinum.
461 2419 530 2476 Ecce
549 2420 650 2474 lructus
666 2417 770 2488 plurim.
786 2416 837 2484 Qui
851 2417 943 2472 moriri
949 2457 957 2485 ,
1012 2419 1101 2468 tarent
1115 2415 1215 2485 aliquid
1230 2415 1262 2471 de
1274 2415 1430 2473 snodonare
1442 2415 1560 2492 :Ilipam
1569 2428 1605 2474 ert
1615 2419 1691 2489 enim,
1703 2421 1798 2492 inquit,

163 2512 270 2582 inquit.
293 2514 354 2584 sared
371 2513 397 2569 iu
413 2512 538 2568 montibus
557 2515 652 2584 [emina.
668 2509 799 2581 Numquid
816 2525 869 2565 uon
888 2517 915 2566 et
931 2511 959 2564 iu
1011 2508 1142 2576 operarios
1156 2509 1323 2563 merceacauu
1338 2508 1411 2580 (Luc.
1421 2524 1449 2577 x,
1461 2507 1488 2576 8,
1505 2509 1543 2583 l).

162 2613 240 2663 ‹term
263 2604 373 2660 litimili?
394 2604 448 2660 Sed
467 2604 537 2676 quand
556 2619 680 2675 inaquam
699 2612 756 2668 est,
777 2603 803 2656 in
823 2601 956 2656 utentibus.
1047 2597 1092 2652 tt.
1114 2597 1220 2669 ltaque,
1236 2599 1346 2667 iratres,
1367 2601 1491 2670 quondam
1506 2601 1616 2674 conthlt
1627 2603 1682 2674 lam
1700 2617 1735 2661 ex
1748 2604 1798 2661 ista

168 2693 274 2752 lienosos
286 2696 352 2750 dicit
363 2697 485 2751 oroemos
494 2697 584 2750 seculi
601 2713 607 2748 :
623 2696 710 2764 aliquo
726 2709 819 2764 ariagne
831 2693 959 2762 dignitate
1010 2683 1152 2744 occ'asione
1163 2690 1261 2760 aliquid
1275 2690 1348 2762 loqui
1361 2689 1492 2764 relisis),
1506 2693 1621 2751 merline
1634 2695 1695 2766 quia
1709 2695 1801 2767 loqui-⁴

168 2785 312 2856 nentes,
326 2786 378 2842 une
394 2787 453 2844 roeo
473 2796 576 2842 ‚nunnius
588 2786 689 2855 accipe
704 2787 799 2840 annon
810 2795 850 2839 ee
862 2785 958 2838 minim
1009 2791 1080 2845 mur,
1096 2779 1156 2832 erra
1171 2794 1220 2834 nos
1239 2794 1292 2835 non
1305 2792 1453 2850 eumenes
1466 2799 1480 2836 a
1494 2782 1592 2851 nonis,
1614 2794 1641 2840 et
1655 2783 1715 2840 ideo
1731 2785 1787 2840 tine
1825 2797 1829 2804 ’

168 2879 233 2948 quia
247 2877 301 2932 duo
313 2878 414 2932 nunna
429 2878 502 2932 misit
513 2877 602 2932 nescio
618 2892 676 2946 que
694 2875 770 2930 uidua
786 2876 812 2931 in
824 2874 958 2947 gazophy-

169 2967 372 3038 teotoniam.
386 2982 433 3034 ιιι,
449 2966 512 3037 li);
528 2975 598 3021 terra
611 2965 697 3019 attulit
709 2964 799 3021 letiam
810 3006 816 3030 ,
829 2973 896 3038 term
909 2964 957 3018 lm·

167 3059 258 3114 milis:
275 3067 302 3112 ct
314 3073 391 3113 mons
406 3058 503 3111 attulit.
523 3056 665 3110 Zacclmus
680 3057 722 3110 iile
737 3055 821 3126 nnajor
837 3055 956 3125 prtblica·

159 3164 263 3209 aarum
276 3149 359 3221 (lac.
376 3165 438 3212 ιιιι,
450 3148 497 3202 es
509 3149 536 3216 );
561 3147 611 3202 lroc
627 3147 698 3202 enirn
718 3157 774 3200 erat
795 3146 968 3214 mirabilius„

164 3242 228 3311 qaia
242 3255 319 3298 mons
333 3241 422 3302 attulit
435 3239 535 3297 letiam.
550 3239 655 3305 Quanto
669 3241 741 3293 enim
754 3237 816 3293 elati
830 3247 891 3294 sum
905 3239 955 3292 lm-

165 3333 270 3397 tuittes,
280 3340 354 3386 ιιιιιιι
363 3331 435 3385 nram
448 3337 524 3393 sunt;
538 3337 565 3384 et
578 3339 677 3398 quanto
690 3328 714 3384 in
730 3329 780 3383 lroc
794 3327 892 3390 sacculo
905 3345 957 3383 trra·

165 3420 256 3490 jorcs‚
268 3430 341 3476 tanto
350 3421 410 3493 plus
425 3429 514 3474 narrant
524 3419 628 3474 divitias
639 3435 711 3474 suns.
724 3417 801 3476 Unde
816 3418 860 3474 ille
875 3419 956 3472 tristis

167 3513 313 3578 abscessit,
331 3515 376 3583 qui
395 3513 534 3572 consilium
549 3512 609 3566 ritae
626 3523 732 3568 eterne
748 3512 856 3582 petebat
871 3528 886 3566 a
902 3511 956 3566 Do·

164 3605 258 3670 mitto,
278 3613 306 3659 ct
320 3605 461 3674 appellauit
475 3618 534 3658 eum
550 3603 704 3674 magistrum
725 3602 823 3658 bonum
842 3601 952 3659 dicens:

166 3696 237 3765 Quia
249 3696 383 3768 facinorosi
395 3696 471 3749 citam
484 3704 604 3750 eternam
618 3693 741 3748 labeant?
755 3693 788 3746 Et
799 3693 843 3746 ille
856 3710 862 3745 :
875 3694 956 3750 Seruo

164 3787 298 3842 mandata.
315 3787 399 3854 Qua?
418 3785 453 3840 Et
472 3785 538 3840 dixit
552 3783 675 3838 mandata
696 3784 771 3855 legis.
788 3783 851 3837 llaec
871 3783 956 3836 onmia

1010 2871 1066 2926 rius
1080 2871 1211 2927 dicimus:
1224 2871 1271 2928 sed
1284 2873 1333 2929 etsi
1349 2889 1538 2944 quereremus,
1553 2876 1666 2932 lruotum
1680 2885 1796 2934 vestrum

1008 2980 1199 3035 quaereremus,
1215 2972 1241 3021 et
1255 2981 1306 3021 tron
1322 2975 1424 3021 vestras
1436 2981 1500 3037 opes
1512 2966 1534 3033 ⁸,
1560 2969 1606 3024 red
1619 2977 1734 3024 uestram
1752 2971 1797 3038 ju-

1008 3055 1107 3110 stitiam
1119 3073 1124 3108 :
1137 3063 1225 3110 tamen
1240 3057 1371 3112 admoneo
1381 3057 1508 3126 ltrorlter,
1517 3059 1640 3128 quonlam
1649 3059 1703 3128 jam
1717 3061 1797 3114 mulia

1008 3145 1131 3212 diximus,
1155 3155 1181 3202 et
1201 3147 1344 3217 aliquando
1358 3163 1449 3203 sermo
1464 3148 1596 3204 liniendus
1609 3159 1668 3216 est;
1684 3151 1706 3205 si
1719 3152 1798 3206 inritis

1008 3253 1063 3294 non
1072 3253 1131 3294 esse
1141 3237 1258 3303 steriles,
1269 3247 1298 3293 ut
1308 3237 1425 3294 reddetis
1437 3254 1485 3309 pro
1498 3238 1795 3308 plurialectmditatem,

1008 3347 1043 3387 ne
1063 3332 1203 3388 damnetur
1224 3341 1316 3403 postea
1338 3333 1464 3390 sterilitas
1477 3347 1564 3389 testm
1577 3335 1587 3407 l
1599 3335 1713 3390 minetur
1725 3337 1795 3392 enim

1008 3424 1079 3482 Deus
1095 3434 1172 3481 terrm
1185 3426 1268 3481 sterili
1283 3435 1310 3481 et
1323 3427 1437 3497 spinosus
1450 3427 1537 3497 ignem
1552 3427 1644 3500 (llelr.
1659 3443 1695 3493 ar,
1712 3428 1739 3494 ’1,
1755 3427 1795 3500 8),

1008 3517 1077 3574 sicut
1091 3517 1234 3572 lructuosae
1244 3517 1371 3573 ituraeam
1386 3526 1461 3588 parnt
1473 3517 1501 3590 );
1516 3517 1613 3574 emate
1626 3527 1654 3574 ut
1664 3533 1711 3574 ros
1724 3519 1795 3589 ipsos

1008 3607 1138 3678 exigetis,
1159 3607 1293 3663 ellicimini
1306 3617 1444 3663 exactores
1459 3609 1550 3664 uestri.
1565 3609 1686 3664 Christus
1702 3612 1796 3668 tacitas

1008 3700 1110 3769 erigit;
1128 3705 1154 3753 et
1168 3699 1253 3768 major
1267 3708 1307 3752 est
1319 3713 1370 3753 ror
1386 3701 1498 3754 tacentis
1510 3740 1516 3764 ‚
1530 3701 1590 3768 quis
1603 3700 1629 3754 in
1649 3701 1796 3771 Ererrqelio

1007 3803 1060 3843 non
1082 3795 1160 3844 tacet.
1182 3787 1240 3843 Non
1261 3789 1332 3844 cuim
1351 3803 1415 3844 nero
1429 3795 1518 3856 tacet,
1531 3805 1591 3845 cum
1603 3788 1668 3844 dicit
1684 3807 1690 3842 ι
1706 3788 1796 3846 Facite

163 3878 213 3948 feei
226 3892 242 3928 a
250 3878 381 3950 iuuentute
392 3891 457 3932 mea.
469 3873 571 3940 linaro,
583 3873 684 3945 inquit,
700 3872 743 3927 tili
755 3871 834 3928 deest.
849 3871 894 3928 Vis
903 3890 956 3929 esse
1004 3879 1176 3934 eolisamicos
1184 3879 1215 3934 ae
1227 3895 1369 3934 mammona
1379 3879 1527 3950 ittiquitetir,
1538 3890 1567 3935 et
1577 3889 1600 3936 et
1613 3883 1661 3952 ips'
1673 3883 1796 3955 resipiant

165 3967 312 4039 perfectus?
336 3966 422 4031 l'atle,
440 3966 518 4022 vende
538 3965 623 4021 outuia
640 3965 858 4036 inspeciem,
882 3974 904 4019 et
922 3967 956 4020 da

166 4060 335 4132 paapemlar,
351 4070 374 4113 et
391 4059 491 4114 laleiit
505 4058 652 4114 thesauram
663 4059 689 4112 in
708 4059 821 4127 celo,·et
837 4059 902 4124 oeni,
916 4075 955 4114 se·

165 4169 241 4226 quere
253 4169 302 4208 nte.
314 4150 382 4220 Quid
398 4151 465 4206 dixit
480 4150 625 4208 Dominus?
641 4151 850 4217 coctinensis,
865 4152 955 4221 accipe

166 4227 335 4314 ptris-iamet
345 4242 378 4298 da
391 4242 493 4298 lcitum.
515 4240 583 4310 Quid
596 4241 666 4297 eninr
680 4241 790 4297 daturus
801 4241 852 4297 esi
868 4256 956 4297 noirne

165 4335 273 4392 ienutni
289 4335 393 4392 Etetnim
409 4333 460 4389 ism
475 4334 562 4390 omnio
576 4349 634 4402 qum
648 4333 774 4390 Ecclesiae
788 4333 821 4389 ad
836 4335 955 4390 necessi·

170 4435 238 4485 tates
251 4427 424 4484 servientium
437 4427 493 4482 aco
506 4426 605 4481 dantur
618 4442 632 4480 a
648 4425 789 4494 divitibus,
806 4427 868 4498 quid
882 4434 953 4495 suni,

168 4519 219 4573 nisi
232 4518 341 4575 lenum?
355 4517 478 4574 Catrralia
490 4519 560 4572 enim
575 4526 646 4585 sunt,
662 4517 739 4576 etad
755 4526 859 4590 tempus
873 4533 955 4588 appe·

1006 3971 1183 4025 retinetene
1194 3971 1354 4025 tabernacula
1364 3968 1439 4042 (luc.
1452 3985 1506 4036 ιιι,
1518 3969 1557 4044 a).
1569 3971 1628 4027 lien
1641 3981 1710 4028 tacet
1719 3973 1793 4042 ipse;

1006 4061 1096 4116 audite
1118 4075 1210 4116 toccrn
1232 4060 1299 4130 ejus.
1317 4059 1400 4116 Nemo
1416 4061 1487 4117 enim
1506 4075 1554 4116 ros
1568 4071 1656 4132 potest
1668 4065 1793 4134 exigeret

1007 4151 1059 4208 uisi
1073 4152 1140 4208 lorte
1152 4153 1290 4207 exactione
1303 4165 1371 4222 opus
1383 4159 1433 4218 est,
1449 4159 1480 4206 ut
1490 4153 1535 4222 qai
1548 4153 1622 4208 tobis
1634 4154 1661 4209 in
1675 4153 1796 4224 avenne-

1007 4243 1046 4300 lio
1057 4244 1187 4310 seruiunt,
1200 4249 1290 4313 petant
1302 4257 1317 4296 a
1331 4243 1416 4298 volis.
1430 4242 1460 4298 Si
1474 4243 1509 4298 ad
1519 4243 1570 4298 noo
1584 4251 1689 4299 tontum
1703 4243 1793 4313 tuerit.

1006 4345 1037 4391 ιιι
1052 4343 1156 4406 petant;
1172 4334 1261 4391 uidete
1272 4350 1307 4391 ne
1319 4335 1388 4406 quod
1408 4349 1456 4390 ros
1471 4350 1489 4390 a
1503 4337 1558 4392 [leo
1571 4338 1677 4407 petitis,
1698 4338 1795 4394 trenna

1007 4417 1114 4497 petatis.
1136 4425 1206 4497 Ergo
1224 4435 1309 4482 estote
1323 4437 1460 4482 examoree
1475 4427 1575 4496 vestri,
1595 4441 1630 4484 ne
1644 4427 1743 4500 aliquid
1757 4429 1796 4487 illi

1008 4518 1054 4589 qui
1069 4515 1144 4572 robis
1156 4516 1183 4572 ln
1197 4516 1342 4587 Evangelio
1354 4517 1494 4585 serviunt,
1508 4533 1562 4574 nen
1570 4520 1636 4589 ,dieo
1647 4531 1738 4590 potem
1750 4535 1796 4578 eo-

165 4612 251 4669 centia
268 4629 275 4666 ε
291 4611 338 4669 sed
353 4625 405 4669 non
419 4609 479 4666 inde
490 4608 588 4680 aliquid
606 4612 711 4666 cattlale
728 4613 901 4684 conquiritur.
918 4611 956 4668 lle
1005 4616 1117 4680 gantur,
1136 4623 1197 4662 nam
1211 4607 1279 4663 lorte
1290 4621 1341 4664 noo
1352 4609 1439 4664 euecti
1453 4617 1563 4678 petant:
1582 4611 1628 4666 sod
1643 4627 1676 4666 ne
1687 4611 1796 4666 alienatio

168 4701 249 4758 rebus
263 4701 360 4757 vilibus
371 4699 434 4770 quid
450 4715 524 4756 erutos
538 4701 654 4754 attende.
669 4702 811 4770 Apostolus
821 4689 954 4768 enimait,
1007 4715 1055 4756 ros
1068 4710 1188 4771 arguant.
1203 4699 1280 4756 Unde
1293 4701 1420 4772 scripturn
1435 4710 1476 4756 est
1489 4720 1497 4756 :
1511 4699 1604 4756 Banu
1618 4701 1661 4773 qui
1679 4702 1798 4771 intelliqit

167 4793 312 4850 ostendens
334 4794 423 4849 lenum
439 4807 499 4847 esso
513 4791 596 4859 illud,
615 4791 646 4846 Si
665 4808 711 4845 not
728 4792 796 4846 nolit
814 4793 956 4864 spiritualia
1006 4807 1082 4862 saper
1103 4807 1207 4862 eqettum
1228 4800 1251 4845 et
1263 4804 1399 4862 pauperem
1415 4791 1500 4864 (Pani.
1518 4805 1563 4859 ιι,
1575 4791 1617 4862 9).
1634 4790 1700 4846 Cum
1720 4792 1794 4856 dicit,

166 4888 357 4954 scarrinaaimatt,
373 4903 493 4958 nunqnam
512 4895 548 4942 est
567 4884 590 4940 si
608 4895 690 4940 uestra
709 4887 822 4940 carnalia
834 4896 956 4943 metemus
1007 4883 1050 4953 all
1064 4881 1181 4952 inlellldl'l
1195 4897 1270 4952 asper
1281 4897 1386 4953 eoelum
1397 4891 1420 4936 el
1434 4897 1578 4954 vllem,
1593 4896 1646 4936 *²⁰¹¹
1659 4890 1798 4953 exspectat

168 4977 188 5048 (l
200 4977 258 5032 Cor.
272 4993 310 5044 rr,
320 4977 382 5048 lap?
392 4977 426 5032 Et
436 4977 496 5032 aradi
509 4977 569 5050 quia
581 4976 694 5032 centralis
709 4975 797 5032 lenum
810 4985 882 5032 sunit.
895 4975 957 5031 Orn-
1007 4982 1038 5028 ut
1050 4981 1131 5042 petat.
1148 4971 1267 5044 intellige
1282 4987 1361 5042 super
1376 4973 1462 5027 illum.
1479 4973 1553 5034 llius
1571 4979 1597 5027 te
1615 4974 1710 5043 querit
1733 4973 1798 5032 indt-

167 5070 206 5122 nis
233 5084 293 5122 earo
310 5072 413 5140 [enum
431 5076 455 5121 et
473 5068 553 5122 earinis
568 5067 670 5122 cionitas
685 5067 791 5121 laminis
803 5076 831 5121 ut
843 5068 891 5138 lios
905 5069 957 5138 feni
1007 5077 1092 5135 qens,
1105 5062 1187 5118 talium
1200 5071 1227 5118 tu
1238 5063 1448 5132 debesquerere
1463 5060 1634 5132 lad'qeutem.
1651 5063 1797 5142 Utrumque
1885 5065 1890 5075 '

170 5157 248 5227 (lsai.
262 5174 307 5222 ιι,
321 5155 359 5229 6).
375 5155 446 5228 Ergo
461 5157 505 5214 iile
523 5157 606 5212 tristis
619 5156 763 5224 secessim
776 5162 804 5212 et
817 5157 854 5212 ait
868 5155 956 5212 Donni-
1008 5151 1108 5211 tiletum
1122 5162 1174 5220 est,
1195 5154 1293 5210 lrstres
1304 5153 1357 5208 moi
1372 5159 1433 5220 ret,
1447 5151 1523 5208 Omni
1536 5155 1627 5224 patenti
1640 5161 1663 5208 te
1676 5153 1709 5208 da
1721 5154 1796 5225 (lae.
1856 5167 1858 5172 ·

169 5265 219 5304 uus
235 5267 241 5304 :
260 5248 344 5323 Quam
361 5248 461 5319 difficile
478 5248 545 5304 diuet
559 5249 636 5304 intret
650 5249 677 5304 in
697 5265 802 5321 emaum
820 5247 958 5305 celorum!
1008 5263 1046 5314 ιι,
1059 5247 1117 5322 50),
1131 5247 1211 5304 motio
1221 5247 1318 5304 lectam
1330 5254 1387 5312 est;
1399 5253 1428 5300 et
1439 5245 1491 5301 alio
1504 5246 1563 5303 loeo
1573 5247 1711 5318 Scriptura
1722 5248 1797 5318 dicit,

168 5341 226 5398 lloc
237 5356 301 5410 ergo
313 5357 455 5412 magnum,
468 5343 528 5413 quia
548 5341 640 5395 exoriri
662 5343 724 5414 {ecit
738 5341 765 5396 in
781 5341 906 5395 mantiles
920 5343 958 5414 le·
1010 5339 1091 5398 Sedet
1104 5341 1261 5411 eleemosyna
1273 5339 1300 5394 in
1313 5353 1391 5393 manat
1403 5345 1463 5405 tua,
1476 5355 1605 5410 quassate
1618 5340 1731 5396 inueniat
1750 5342 1799 5411 itt-
1855 5345 1858 5350 ‘

168 5451 239 5491 nant.
255 5433 290 5490 m
302 5433 435 5504 quomodo
449 5434 542 5489 ceorirt'
558 5434 618 5504 [acii
633 5433 661 5487 in
679 5433 803 5488 montibus
819 5435 915 5505 mrtem,
935 5433 959 5489 si
1041 5474 1099 5526 ,sie
1108 5480 1255 5524 omnem·
1265 5471 1321 5524 [dd.
1334 5483 1401 5533 vem,
1411 5469 1574 5536 mmm

169 5525 243 5582 dites
257 5524 320 5598 ille,
335 5523 426 5582 audito
439 5524 509 5597 quod
526 5539 569 5580 res
582 5537 644 5580 suas
661 5522 771 5580 deleret
785 5523 848 5579 dare
860 5537 959 5594 perape-
1042 5537 1114 5586 ¹nnn
1129 5542 1155 5585 et
1167 5533 1279 5598 plerique
1290 5541 1354 5595 ates,
1366 5532 1440 5586 adsit
1450 5533 1568 5599 itdipere.

1042 5599 1052 5631 ¹
1062 5595 1145 5647 aleres
1155 5603 1220 5656 tiss,
1228 5603 1322 5648 nostras
1329 5609 1394 5660 opes.

201 5661 347 5732 'laam
359 5657 565 5724 calunlabaat,
576 5657 728 5724 munitet&-
739 5667 790 5715 ιιι.
804 5665 889 5724 etan,
903 5673 958 5713 omn
1033 5659 1079 5745 la)
1091 5666 1137 5709 ttae
1155 5659 1187 5709 de
1206 5669 1236 5708 re
1261 5671 1376 5722 arpenas
1393 5659 1446 5726 egit
1464 5658 1528 5724 apud
1542 5657 1753 5728 ωιιιιιςιιιιιιιι,
1777 5669 1811 5728 ta¹

167 5731 269 5782 Μ
940 5793 944 5800 ¹
1013 5721 1218 5786 asal.oau,serm.
1230 5720 1255 5784 i,
1269 5733 1295 5776 a.
1307 5719 1373 5772 idi.
