4084 6367
262 331 333 414 asts
667 322 677 334 “
880 343 910 401 s.
930 337 1285 402 sueusuutnetscunt
1829 337 1898 402 rau

260 473 345 530 Erant
357 469 430 528 enim
449 467 487 526 illi
506 465 621 539 primurn
637 462 760 525 homines
774 477 881 519 earnem
903 455 1059 532 portantes,
1108 458 1147 515 les
1159 459 1256 530 quibus
1272 427 1336 517 enm
1355 466 1396 516 est
1410 457 1507 516 lucrari
1521 457 1576 517 lleo
1589 457 1695 532 eosqui
1708 457 1824 516 nondum
1837 473 1899 516 ere·

259 561 375 630 lulirmi;
387 558 485 618 deinde
497 559 597 626 idiote,
610 555 723 624 indocti,
735 552 864 626 ignobiles
878 551 944 610 :sed
957 561 1015 608 erat
1028 533 1060 637 iu.
1106 547 1248 620 diderunt,
1262 559 1293 609 et
1305 547 1406 610 iaciunt
1417 549 1470 608 hoc
1483 567 1515 608 ex
1528 549 1674 618 charitate,
1689 549 1751 608 osli
1765 559 1837 608 sunt.
1855 551 1900 632 ln·

258 654 311 712 lllis
325 651 396 726 quod
415 651 578 724 fulguraret,
598 656 657 706 erat
675 647 702 704 in
722 645 781 717 ittts
795 643 869 717 quud
888 649 1058 723 coruscaret.¹
1107 649 1182 697 tornat
1194 642 1228 700 de
1240 643 1293 700 tttb
1307 643 1379 701 liene
1388 641 1481 716 judicit
1495 641 1536 700 rut
1549 650 1695 712 terrorem
1710 651 1738 700 st
1751 641 1842 700 trenut
1853 643 1900 714 qui

259 743 411 802 accedebat
424 742 520 800 Petrus
533 740 614 797 homo
631 739 755 810 piscator,
771 735 876 806 orabat,
890 743 917 790 et
930 731 1058 808 surgebat
1107 731 1221 790 inlldelis
1233 741 1306 804 crat,
1322 744 1349 792 et
1364 735 1497 808 patescit,
1512 743 1539 792 et
1550 733 1644 792 eredit.
1658 733 1798 792 ostendite
1811 733 1902 792 homi-

260 846 381 896 mortuus
398 834 475 910 (det.
489 851 535 904 tx,
548 833 612 908 dd).
627 831 724 890 Forma
746 830 861 887 humana
875 829 961 886 nrrbes
976 836 1053 896 erat,
1107 824 1184 881 nibus
1194 824 1258 897 quid
1272 827 1356 898 potuit
1365 825 1486 884 Christus
1498 841 1547 899 pet·
1557 835 1640 886 sotum
1652 825 1743 884 orbem
1757 835 1901 896 terrarum,

186 969 195 990 .
259 918 386 1002 splendor
398 924 520 986 miraculi
533 923 683 990 coruscatio
700 931 768 992 erat,
785 919 831 979 Sic
849 923 877 978 in
895 919 1000 984 verbis.
1015 919 1055 982 sie
1105 915 1308 988 ismendonis,
1322 927 1349 975 et
1364 915 1519 977 adducendo
1538 932 1585 976 eos
1605 917 1800 978 adamandam
1817 917 1902 977 Chri·

259 1020 286 1076 ln
304 1018 399 1090 iactis,
414 1032 475 1074 cum
494 1013 616 1073 miranda
634 1013 742 1080 dicunt,
757 1020 784 1068 et
794 1009 919 1077 miranda
937 1008 1053 1078 iaciunt,
1106 1015 1187 1062 stum.
1200 1007 1298 1078 Quanti
1307 1009 1378 1066 enim
1389 1009 1469 1068 hodie
1478 1011 1647 1069 adduxerunt
1655 1011 1758 1068 amicos
1768 1025 1842 1080 suos,
1853 1025 1904 1068 aut

258 1111 438 1182 Appoeserunt
453 1103 790 1182 retrocedentem.
810 1099 879 1173 Vidit
891 1108 915 1156 et
930 1107 1057 1176 commoto
1106 1096 1138 1152 nd
1149 1099 1352 1172 pantomimum,
1362 1101 1449 1158 autad
1459 1099 1736 1172 etrorauamtemre,
1746 1103 1798 1162 nlsl
1807 1117 1903 1160 aman·

258 1211 295 1258 est
311 1210 389 1275 tetre,
408 1199 437 1257 Si
455 1198 527 1256 eninr
546 1213 600 1256 non
614 1206 656 1254 est
668 1195 779 1260 terenti
797 1195 821 1251 si
839 1210 893 1252 non
913 1203 966 1251 tota
984 1204 1057 1277 ιοιιιι
1105 1184 1142 1244 do
1158 1188 1252 1245 ittnmt
1264 1189 1299 1246 Et
1318 1204 1366 1248 nos
1384 1201 1472 1250 amate
1486 1191 1632 1250 Christum.
1646 1193 1732 1250 Tanta
1750 1193 1823 1251 enim
1837 1208 1902 1265 spe-

255 1293 315 1364 Jam
324 1292 467 1361 christiana
479 1290 590 1359 clamat,
605 1293 701 1355 nmen,
714 1295 847 1345 commota
860 1283 1008 1360 fulguribus
1019 1283 1059 1371 de,
1106 1280 1211 1338 ctacula
1223 1281 1346 1354 prebuit,
1361 1281 1387 1338 in
1398 1297 1452 1356 quo
1464 1299 1544 1342 nemo
1555 1293 1644 1360 potest
1655 1285 1746 1343 dicere
1754 1285 1857 1358 „aliquid
1870 1281 1902 1344 se

257 1385 312 1441 illis
321 1383 436 1440 nubibus
446 1379 663 1454 erumpentibnst
674 1378 753 1446 l'idit,
763 1387 921 1436 etcernntoto
930 1388 966 1433 ert
975 1385 1058 1453 terra,
1106 1369 1322 1442 reprehensionis
1336 1373 1474 1446 iuvenire,
1487 1375 1531 1434 illc
1544 1376 1589 1448 qui
1602 1374 1665 1434 sicit
1681 1375 1819 1435 seculum.
1832 1375 1900 1434 liam

293 1474 322 1533 9.
337 1473 412 1550 [vers.
428 1471 469 1549 5.]
485 1471 586 1529 tiones
604 1473 733 1544 timet
745 1472 810 1528 sient
821 1487 882 1528 sert
892 1487 908 1525 n
920 1470 986 1546 socie
1000 1467 1056 1537 θος
1106 1471 1134 1520 et
1152 1463 1294 1538 aliquando
1307 1481 1386 1538 quem
1399 1476 1470 1524 amat
1482 1467 1594 1540 quisque
1608 1468 1635 1525 in
1649 1467 1772 1538 theatro,
1784 1467 1902 1526 vincitur

258 1563 331 1620 nini.
345 1563 403 1638 Qui
414 1571 478 1620 sunt
492 1562 618 1623 moutesi
635 1561 760 1634 Superbi.
773 1559 867 1617 Omnis
879 1557 992 1616 altitudo
1004 1574 1055 1615 er·
1106 1557 1134 1614 in
1146 1557 1203 1612 illo.
1217 1557 1374 1616 Nemonero
1384 1560 1498 1616 vincitur
1508 1559 1537 1616 in
1548 1559 1655 1618 Christo
1667 1579 1674 1616 ι
1687 1574 1740 1617 non
1752 1569 1794 1617 est
1803 1559 1837 1618 de
1847 1575 1902 1633 epto

258 1656 359 1714 tollens
375 1671 406 1714 sc
422 1655 551 1714 aduersus
564 1653 665 1718 lleum,
680 1652 757 1710 iactis
770 1649 871 1709 Christi
883 1649 1054 1708 ethristia-
1106 1648 1275 1706 erubescere.
1290 1650 1423 1723 Arripite,
1438 1643 1575 1718 adducite,
1593 1649 1718 1732 attiuhits
1734 1665 1801 1723 qnos
1821 1661 1901 1722 pote·

258 1762 355 1806 norum
374 1747 550 1814 contremuit,
569 1745 721 1814 succubuit,
735 1754 763 1801 ct
782 1742 890 1816 quando
905 1741 966 1800 dieo
982 1739 1056 1820 qnod
1106 1739 1155 1798 stis
1168 1758 1176 1797 ι
1190 1741 1277 1798 securi
1291 1749 1387 1814 estote,
1402 1741 1436 1799 ad
1451 1757 1511 1800 eum
1525 1741 1667 1810 adducitis,
1680 1741 1727 1816 qui
1740 1757 1794 1799 non
1808 1742 1902 1816 displi-

258 1837 359 1896 dictum
370 1846 430 1908 est,
441 1835 549 1910 Fluxit,
563 1837 659 1896 melius
676 1835 787 1894 terbum
807 1833 919 1892 inveniri
934 1847 991 1889 non
1002 1846 1054 1903 po·
1105 1839 1149 1888 oet
1167 1831 1337 1902 ridentibus;
1353 1842 1380 1890 et
1399 1845 1491 1906 rogato
1510 1834 1584 1891 illum
1603 1843 1631 1890 ut
1650 1833 1782 1891 illuminet
1796 1849 1861 1900 eos,
1874 1843 1903 1891 et

258 1939 321 1988 test.
338 1930 439 1988 Montes
451 1932 582 2003 permut
599 1930 666 1986 seint
681 1945 741 1985 cern
757 1944 773 1983 a
789 1926 855 2002 [nde
874 1924 987 1982 Domini.
1002 1923 1057 1998 tibi,
1105 1923 1175 1982 bene
1188 1933 1309 1996 spectent
1320 1927 1340 1982 ¹.
1354 1927 1573 1986 denuntiaverant
1587 1928 1643 1984 ccli
1653 1927 1783 2001 initient
1796 1927 1863 1999 tien
1877 1939 1901 1982 et

257 2031 301 2079 est
312 2022 426 2080 altitudo
438 2022 620 2096 potestatum?
633 2021 678 2079 ubi
689 2019 788 2078 duritia
802 2017 969 2076 infidelium?
981 2015 1055 2072 lton
1105 2015 1221 2071 ridnnnt
1232 2033 1318 2074 omnes
1331 2017 1421 2090 popuii
1432 2017 1541 2090 pterim
1554 2018 1620 2092 eins.

258 2125 301 2190 tes
309 2117 438 2188 dnxnnnt
455 2117 519 2172 sient
531 2132 590 2171 cera
605 2133 623 2170 a
640 2115 707 2189 [acie
725 2112 841 2179 Dennni.
855 2112 925 2185 lenis
944 2112 985 2171 eis
1004 2110 1055 2177 tuit
1141 2106 1185 2164 ll·
1204 2105 1280 2182 [tert-
1298 2105 1337 2182 7.]
1351 2107 1546 2181 Censendnntsr
1558 2127 1644 2168 omnes
1657 2110 1701 2182 qni
1710 2109 1822 2190 merent
1833 2111 1902 2166 scal·

257 2207 404 2277 nunninus,
418 2208 455 2266 ini
474 2217 537 2266 anta
549 2207 645 2268 tactem
663 2206 722 2281 01⁰⁸
737 2207 806 2264 neue
824 2220 886 2264 cern
902 2205 1053 2275 nurerum
1105 2198 1189 2276 peitin.
1203 2197 1298 2256 Nonne
1308 2199 1406 2256 laetum
1420 2201 1478 2256 esti
1490 2200 1584 2258 Nonne
1595 2199 1700 2258 consinsi
1713 2197 1795 2258 suntl
1806 2197 1903 2258 llonne

258 2299 359 2369 „mdiu
373 2299 450 2366 duri,
464 2300 552 2368 dom
565 2299 697 2372 igniculo
715 2297 913 2368 admoveretur,
929 2296 1055 2370 Compla-
1105 2290 1223 2361 quotidie
1238 2289 1451 2350 contunduntur?
1464 2290 1602 2362 sculptilia
1614 2290 1685 2348 enim
1696 2300 1758 2349 sunt
1769 2306 1851 2347 manu
1865 2291 1903 2346 la·

257 2404 319 2453 nata
331 2405 374 2459 est
386 2395 475 2456 omnis
488 2394 615 2462 altitudo,-
628 2392 708 2451 modo
720 2390 907 2464 blasphemare
917 2388 1059 2461 Christumv
1105 2383 1168 2445 αι’
1182 2379 1262 2440 id0lt·
1277 2381 1365 2452 Qum
1376 2382 1432 2453 lim
1447 2382 1646 2440 ⁰⁰¹¹f¹ffld¹¹¹¹¹¹¹¹
1659 2397 1754 2442 ΟΜ
1767 2384 1814 2456 qni
1833 2383 1901 2439 ³1¹⁰·

257 2502 312 2546 non
325 2487 407 2546 audet
420 2504 428 2542 ι
442 2496 470 2546 et
482 2501 602 2561 meeum
616 2500 672 2543 non
688 2483 794 2550 ineram
807 2483 908 2550 credit,
921 2497 978 2544 non
990 2497 1055 2540 eum
1105 2481 1165 2530 rant
1186 2472 1335 2546 sculptilia?
1348 2473 1415 2546 Quia
1429 2474 1554 2533 viderunt
1571 2489 1666 2532 omnes
1685 2475 1773 2548 populi
1787 2475 1901 2547 gloriam

256 2589 348 2639 „men
361 2576 547 2651 blasphema„
561 2576 613 2636 ω)
632 2573 752 2634 nonnum
770 2573 856 2630 rmus
868 2580 910 2630 ω)
924 2573 1001 2630 ,ivus
1015 2571 1054 2628 ta.
1072 2623 1078 2634 ,
1105 2562 1174 2635 ejus.
1189 2561 1248 2621 lam
1260 2577 1355 2622 omnes
1373 2564 1466 2638 populi
1479 2565 1591 2637 gloriam
1603 2565 1701 2622 Christi
1716 2565 1878 2623 conliteutur
1893 2585 1901 2624 ι

256 2671 316 2742 pis,
332 2679 420 2739 tamen
434 2669 521 2726 rietus
537 2666 681 2726 estdurus
698 2679 788 2723 mons.
806 2663 906 2722 dentes
925 2665 1055 2735 timerent
1105 2655 1265 2712 erubescant
1276 2656 1321 2728 qui
1334 2657 1448 2716 arlorant
1461 2657 1571 2730 lapides.
1586 2659 1653 2728 Quia
1665 2657 1766 2730 lapides
1779 2657 1816 2714 illi
1829 2671 1903 2715 mor-

257 2751 322 2820 sicnt
335 2777 395 2831 tera
407 2777 424 2816 e
438 2758 631 2834 tudelionum,
644 2775 661 2812 n
672 2758 737 2831 suda
749 2755 854 2812 Dondni
866 2756 948 2811 omnis
960 2764 1054 2811 tmoe:
1106 2745 1144 2802 tui
1155 2755 1244 2814 orant,
1258 2761 1307 2805 nos
1320 2747 1409 2806 vinum
1421 2747 1536 2820 lapidem
1547 2749 1697 2808 invenimus
1712 2767 1719 2808 t
1732 2751 1786 2806 imo
1799 2749 1903 2821 lapides

257 2865 310 2909 non
328 2851 482 2917 tudaeurum
500 2859 618 2915 uncum,
635 2848 683 2906 sed
701 2857 730 2906 ee
744 2847 888 2916 Gentium,
903 2847 974 2904 sicut
990 2847 1056 2904 dicit
1105 2837 1144 2894 illi
1157 2853 1292 2910 nunqnam
1305 2839 1445 2912 vixerunt,
1460 2850 1490 2896 ut
1504 2854 1555 2898 nec
1566 2841 1664 2903 mortui
1678 2840 1819 2909 dicantur,
1834 2843 1902 2914 lapis

257 2942 403 3016 apostolus
418 2943 513 3017 (horn.
528 2958 574 3010 nt,
589 2939 659 3016 td);
679 2955 734 2996 non
752 2939 824 2996 enim
843 2946 885 2994 est
900 2935 1054 2994 iudeorum
1105 2939 1194 2988 sutem
1207 2937 1300 2988 rrmter
1312 2933 1389 2988 rinus
1401 2939 1453 2999 est,
1465 2939 1493 2988 et
1504 2945 1612 3006 semper
1623 2933 1690 2989 uixit
1701 2932 1771 3004 apud
1781 2930 1900 3001 Patrem,

257 3042 360 3092 uncum
376 3033 461 3107 bens,
476 3033 525 3090 sed
537 3041 565 3090 et
577 3031 713 3090 Gentium.
727 3031 857 3088 Dominus
870 3043 935 3102 erpo
947 3030 1055 3089 uniter-
1104 3034 1133 3082 et
1145 3039 1196 3096 pro
1208 3023 1285 3082 nobis
1299 3031 1420 3082 mortuus
1432 3024 1545 3092 revixit,
1555 3034 1584 3082 et
1596 3024 1677 3082 modo
1693 3025 1773 3092 sinit,
1786 3033 1814 3084 et
1827 3041 1902 3084 mors

258 3139 296 3182 sm
308 3132 403 3191 meno,
418 3123 548 3184 Dominus
565 3121 644 3182 ictus
657 3121 780 3181 Christus
798 3120 827 3180 in
844 3119 937 3178 tudes
957 3129 1053 3188 natus,
1105 3117 1132 3174 ol
1147 3117 1215 3174 ultra
1229 3130 1283 3174 non
1294 3115 1475 3194 dominabitur
1489 3116 1576 3190 (lton.
1592 3133 1629 3184 n,
1645 3117 1686 3191 9).
1700 3115 1775 3174 lianc
1787 3117 1902 3192 gloriam

257 3213 307 3272 sed
320 3230 375 3271 non
387 3213 487 3273 ludam
502 3221 604 3271 tantum
621 3221 699 3270 natus
712 3230 720 3267 ι
733 3211 795 3284 quia
809 3219 837 3269 et
849 3220 992 3284 antequam
1003 3225 1054 3268 na·
1105 3207 1190 3284 ipsius
1200 3216 1382 3280 cognorerunt
1396 3207 1503 3280 populi;
1518 3207 1655 3266 dimittunt
1666 3209 1775 3280 templa,
1790 3219 1903 3268 cumulet

258 3316 301 3366 tus
313 3321 407 3366 omnes
420 3305 499 3374 lecim
513 3313 542 3364 et
553 3306 599 3378 qui
614 3320 708 3364 omnes
721 3303 796 3373 iecit,
809 3319 902 3363 omnes
916 3302 1017 3362 reiecit.
1033 3301 1055 3360 t
1105 3297 1140 3354 ad
1154 3297 1291 3356 ccclesias.
1307 3295 1505 3372 confundentur
1518 3315 1604 3354 omnes
1615 3300 1659 3372 qrtt
1672 3299 1780 3356 adorant
1794 3299 1903 3372 scripti-

258 3400 324 3472 feeie
337 3397 439 3454 Domini
452 3398 533 3453 enanis
546 3406 628 3454 terrm
795 3390 798 3395 ⁴
1105 3391 1151 3448 tis.
1166 3391 1260 3448 Adhuc
1273 3401 1396 3463 quarunt
1409 3391 1523 3448 adorare
1536 3391 1687 3466 sculptiliai
1698 3391 1843 3450 Noluerunt
1857 3393 1903 3450 de

294 3488 340 3546 lb.
353 3485 429 3561 [ent.
444 3484 484 3562 6.]
502 3486 721 3543 denuntiaveram
735 3483 792 3542 coli
805 3485 934 3558 justitient
948 3485 1018 3558 ηἰιι,
1032 3495 1056 3542 et
1106 3498 1199 3542 serere
1222 3482 1309 3554 idola;
1331 3483 1431 3542 deserti
1453 3491 1517 3540 sunt
1538 3485 1573 3542 nb
1594 3483 1684 3542 idolis.
1705 3483 1902 3560 confundentur

259 3577 476 3634 denaniorum
493 3575 582 3648 peret
597 3575 707 3657 pieriam
725 3575 791 3648 ejnn
805 3573 857 3644 Qui
874 3573 935 3633 ooeli
949 3590 1055 3632 annun·
1106 3591 1191 3632 ontnes
1205 3575 1248 3647 eui
1259 3575 1367 3632 merant
1384 3575 1527 3646 sculptilia,
1542 3575 1586 3648 qni
1598 3575 1740 3648 ptorinntnr
1754 3577 1782 3632 in
1794 3577 1901 3632 nmen·

259 3667 409 3726 inverunt?
422 3665 486 3726 Ceti
503 3675 625 3732 esmant
640 3666 751 3739 pieriam
764 3665 813 3722 Dei
826 3663 910 3740 (Ptol.
926 3682 999 3731 runt,
1012 3665 1054 3736 ἢ).
1106 3668 1155 3723 etis
1169 3668 1232 3724 suis.
1245 3665 1298 3724 Sed
1311 3667 1402 3722 existit
1413 3666 1506 3725 nescio
1519 3667 1580 3740 quis
1592 3665 1740 3738 disputator
1749 3669 1793 3740 qtti
1805 3659 1901 3726 doetus

258 3760 309 3834 Qui
323 3769 385 3817 sunt
398 3759 478 3816 coettt
491 3759 541 3828 Qut
555 3757 619 3815 iacti
633 3766 695 3815 sunt
711 3756 790 3816 sedes
807 3756 899 3830 ipsius.
915 3755 1056 3828 Quomodo
1106 3759 1157 3816 sibi
1174 3759 1313 3816 ridebatur
1331 3769 1359 3816 et
1372 3758 1431 3816 ait:
1446 3759 1505 3820 Nou
1523 3775 1574 3834 ego
1593 3759 1667 3817 illum
1686 3760 1802 3833 lapidem
1821 3762 1899 3830 colo,

258 3853 331 3912 enim
344 3853 371 3908 in
384 3852 461 3912 stolis
475 3851 550 3908 sedet
563 3850 650 3918 licus,
665 3849 705 3906 sic
719 3848 795 3906 sedet
809 3849 836 3906 in
849 3849 1000 3920 apostolis,
1016 3849 1055 3907 sie
1106 3866 1156 3908 nec
1171 3849 1234 3908 illud
1252 3849 1424 3907 simulacrum
1438 3849 1509 3922 quod
1522 3860 1564 3908 est
1576 3851 1634 3907 sinc
1646 3865 1745 3918 sensu;
1759 3865 1812 3907 non
1827 3851 1901 3908 enim

258 3943 335 4004 sedet
348 3943 375 3999 in
387 3941 605 4014 praedicatoribus
615 3939 762 4013 Evangelii.
776 3939 811 3996 Et
824 3948 852 3997 tu
862 3940 883 3997 si
896 3939 946 4008 vis,
956 3937 1054 3998 eoelnm
1106 3943 1241 4016 Propheta
1262 3949 1350 4000 tester
1369 3944 1455 4016 potuit
1472 3958 1553 4002 nosse
1568 3943 1630 4020 quia
1649 3943 1742 4003 oculos
1761 3943 1860 4000 babent
1873 3955 1902 4000 et

257 4037 323 4094 eris.
336 4035 384 4093 lis
396 4050 457 4092 csse
468 4033 584 4091 cmluml
596 4033 682 4107 Perga
695 4031 731 4090 dc
747 4031 830 4090 eorde
842 4042 888 4089 too
900 4043 1009 4090 terram.
1026 4029 1055 4088 Si
1106 4051 1161 4095 non
1174 4035 1266 4094 rident
1277 4035 1288 4109 (
1298 4035 1371 4093 Pani·
1384 4051 1464 4104 crrtr,
1479 4035 1526 4104 5),
1539 4045 1568 4094 et
1581 4050 1631 4109 ego
1645 4036 1736 4092 nescio
1755 4035 1816 4108 quia
1835 4035 1902 4094 illud

259 4138 381 4191 terrenas
392 4125 622 4198 concupiscentias
633 4141 687 4185 non
700 4123 836 4192 habueris,
849 4135 877 4182 et
890 4140 943 4181 non
956 4123 1055 4180 trustra
1106 4129 1279 4186 simulacrum
1293 4143 1345 4188 nec
1357 4128 1474 4186 animam
1490 4127 1580 4196 babet,
1594 4143 1644 4184 nec
1656 4127 1730 4190 ridet
1741 4129 1839 4196 oeulis,
1851 4143 1903 4185 nec

258 4220 434 4292 responderis¹
446 4234 552 4277 sursum
567 4227 594 4287 te
603 4217 707 4276 babere
718 4233 778 4286 cor,
790 4208 888 4275 eaelum
897 4218 961 4274 eris.
972 4217 1004 4274 st
1014 4233 1056 4272 re·
1106 4217 1181 4277 audit
1197 4220 1307 4278 auribus
1320 4238 1328 4276 r
1342 4235 1396 4278 non
1417 4235 1467 4292 eno
1486 4218 1550 4276 illud
1563 4220 1642 4288 colo:
1663 4218 1712 4277 secl
1726 4218 1810 4277 adoro
1828 4221 1903 4292 quod

258 4311 405 4370 mrentatta
418 4326 476 4364 cent
490 4307 590 4367 Christo
605 4307 743 4378 (fidelibus
752 4307 896 4379 Apostolus
909 4306 1054 4378 loquitur),
1106 4311 1203 4380 rideo,
1216 4320 1245 4368 ot
1263 4311 1352 4369 sertio
1370 4311 1396 4368 ei
1415 4326 1494 4390 quen
1517 4325 1570 4368 nen
1587 4308 1674 4368 tideo.
1689 4309 1754 4380 Quis
1772 4320 1813 4368 est
1831 4312 1904 4368 istst

258 4416 317 4475 pse
327 4417 428 4458 sermm
438 4409 496 4456 tent
505 4401 619 4472 ouante,
630 4399 675 4454 nit·
684 4397 800 4457 Cirrirnn
809 4407 845 4454 est
857 4398 883 4452 in
894 4397 997 4454 dextero
1007 4395 1056 4470 Dei
1106 4402 1209 4460 Numen
1222 4401 1366 4474 quoddam,
1384 4401 1479 4482 inquit,
1494 4399 1625 4458 invisibile
1638 4400 1710 4473 quod
1722 4399 1849 4475 presidet
1862 4402 1905 4459 illi

259 4493 350 4553 sedem
357 4507 368 4558 ,·
378 4507 436 4562 Μ
448 4507 549 4549 ιιιιιιιιι
561 4498 621 4546 sent
632 4489 723 4560 sopite,
740 4505 791 4544 non
805 4505 862 4560 qen
871 4504 949 4560 snper
962 4496 1057 4544 tenen
1106 4492 1260 4564 simulacro.
1275 4491 1333 4550 lloc
1346 4491 1426 4550 modu
1446 4489 1582 4549 reddendo
1600 4487 1730 4549 radonem
1743 4492 1777 4548 do
1789 4491 1904 4550 simula·

260 4581 375 4658 tcum
389 4597 430 4650 ut,
440 4583 451 4638 i
463 4580 512 4638 tt2
521 4583 541 4655 l·
555 4581 666 4653 Coepisti
680 4594 775 4653 supere
786 4594 960 4652 qumsorsunt
974 4589 1055 4652 surrt,
1106 4586 1161 4644 cris
1170 4585 1234 4652 suis,
1245 4584 1340 4641 diserti
1350 4583 1361 4616 ⁸
1371 4583 1422 4640 sibi
1431 4581 1564 4651 ridentur,
1576 4581 1638 4654 quia
1650 4595 1705 4640 noo
1717 4583 1807 4640 cotum
1819 4582 1903 4654 idola,

259 4685 290 4734 et
302 4690 356 4734 non
368 4691 429 4748 qua
442 4689 524 4746 super
542 4683 642 4732 terram
660 4680 737 4741 snnt;
752 4687 842 4728 nonne
856 4671 940 4733 tamus
954 4687 985 4730 es
997 4660 1060 4750 cufi
1107 4688 1134 4754 et
1146 4678 1239 4736 colunt
1249 4675 1391 4733 demuma
1405 4673 1528 4742 Etenim,
1542 4671 1655 4742 tratres,
1669 4673 1739 4732 sicut
1751 4673 1816 4732 dicit
1829 4674 1906 4746 hpn·

260 4766 336 4839 meni
349 4765 463 4834 Carnem
477 4773 585 4836 portas,
602 4771 630 4819 et
643 4762 724 4820 corde
734 4762 791 4833 jam
811 4761 909 4820 ooelntm
924 4777 955 4819 es
969 4780 976 4818 ι
991 4778 1057 4820 oon·
1108 4769 1208 4836 stolus,
1223 4765 1288 4836 Qec
1299 4765 1432 4822 immolent
1447 4760 1555 4834 Gentes,
1569 4763 1702 4822 &monia
1715 4763 1866 4833 innectant,¹
1881 4777 1912 4830 ct,

261 4858 383 4928 versatio,
391 4858 462 4916 cninr
476 4846 520 4912 tua
533 4856 561 4912 in
573 4855 649 4916 ecelis
658 4855 711 4910 erit
722 4853 851 4927 (Philipp.
862 4869 901 4922 ιιι,
913 4851 972 4927 20).
983 4854 1058 4913 'tatis
1108 4875 1160 4916 non
1179 4858 1244 4914 Dm.
1266 4855 1338 4912 Noto
1356 4871 1419 4924 oet,
1436 4855 1537 4926 iuquit,
1552 4856 1634 4912 socios
1647 4855 1705 4927 fieri
1720 4849 1923 4914 demoniormn'

142 4975 145 4978 >
259 4950 404 5014 annuntias
424 4958 452 5004 et
470 4957 497 5002 tu
514 4945 651 5009 Christum
667 4964 673 5002 ι
687 4944 747 5019 quis
765 4946 836 5001 enim
857 4944 973 5004 ildelium
988 4955 1058 5004 taret
1109 4949 1211 5026 (liter.
1225 4965 1254 5016 x,
1271 4949 1315 5014 tit,
1329 4946 1383 5022 20)
1398 4965 1404 5002 :
1420 4963 1481 5004 nam
1495 4949 1588 5004 ιιιιιιιιι
1605 4947 1906 5020 qeienihitestidolnm

252 5041 417 5110 ¹cherintum?
428 5039 551 5104 lutondat
561 5037 685 5111 Charitas
698 5047 787 5107 restra
801 5055 807 5090 :
821 5039 920 5110 putatis
933 5037 995 5110 quin
1008 5053 1058 5094 tros
1109 5043 1175 5117 (td.
1188 5057 1243 5110 unt,
1259 5039 1303 5115 d).
1322 5040 1383 5117 lpse
1401 5040 1453 5098 ltoc
1469 5040 1536 5098 dixit
1552 5041 1713 5112 Apostolus.
1728 5041 1831 5099 Seinrnt
1844 5046 1908 5118 qais

260 5133 311 5190 soli
329 5142 434 5191 smntes
453 5131 497 5188 bie
517 5131 709 5204 annuntiamus
726 5125 879 5199 Christum,
894 5141 921 5187 et
938 5145 986 5186 ros
1004 5146 1057 5186 uun
1109 5135 1224 5193 uitiiset
1240 5132 1355 5199 idcicro,
1369 5130 1415 5188 ted
1432 5145 1490 5201 een
1504 5130 1635 5186 immolent
1648 5130 1757 5201 Gentes,
1772 5130 1908 5190 dmtroniis

260 5224 444 5282 annuntiatis?
456 5221 532 5281 Unde
544 5221 577 5278 ad
591 5237 640 5278 nos
651 5221 772 5281 tentent.
786 5220 923 5278 christiani
936 5221 1059 5280 nolentes
1109 5219 1423 5292 intmemt,etnou1leo
1437 5219 1536 5289 :dirit,
1551 5217 1621 5278 Nelo
1632 5239 1676 5278 ros
1690 5223 1746 5293 fieri
1759 5225 1840 5280 socios
1853 5206 1910 5280 dte-¹

260 5327 332 5379 esse,
345 5328 413 5388 quos
425 5327 559 5382 nunquam
573 5310 699 5379 vidimus,
713 5325 781 5382 qttos
793 5327 846 5366 nou
859 5313 992 5380 norimus,
1004 5311 1060 5384 qui·
1109 5319 1260 5378 emptorem.
1275 5315 1334 5374 Non
1348 5329 1412 5385 ergo
1425 5313 1485 5370 binc
1499 5327 1530 5370 se
1542 5325 1679 5384 excusent,
1690 5317 1751 5386 quia
1762 5316 1836 5388 qrrasi
1849 5313 1910 5374 ido.

261 5403 313 5460 bnt
333 5419 467 5475 nunquam
489 5401 713 5477 praedicavimus?
735 5401 776 5457 An
799 5401 868 5459 torte
888 5402 1062 5472 erediderunt

263 5493 544 5551 nuttoannnnuanet
557 5493 778 5565 apotolorum
792 5511 799 5549 ι
812 5495 946 5563 ennato
959 5497 1062 5554 omen
1110 5465 1913 5597 gffiffl'fflfflfflffwffiffl

261 5601 337 5659 ιιιιιιιι
348 5601 401 5641 nott
417 5585 571 5653 retinent,
585 5584 712 5655 montedo
725 5585 830 5652 mdient
841 5585 896 5642 sine
907 5587 1062 5657 proediemrtt
1111 5602 1139 5646 et
1156 5590 1310 5658 spetacula,
1327 5590 1416 5656 nemim
1434 5587 1581 5663 praeierunt,
1600 5597 1713 5656 murto
1732 5599 1759 5643 et
1777 5568 1912 5660 ω’ῳιςω.

261 5679 352 5750 ttnrn
367 5693 395 5745 t,
411 5673 475 5748 tut
488 5674 559 5748 ergo
573 5685 628 5734 ron
641 5676 900 5753 smerapmunn
913 5657 1060 5748 coenob,
1112 5654 1207 5768 ‘tlt-sp
1217 5723 1267 5766 m.
1278 5721 1366 5766 nne.
1379 5656 1718 5778 mmmm&

263 5783 291 5830 ct
304 5769 460 5828 annuntiant
472 5766 535 5826 coell
551 5766 680 5841 justitiam
695 5769 778 5842 ipsius
789 5786 796 5840 ;
808 5769 870 5844 quir
883 5783 978 5829 ornnes
992 5769 1060 5829 flde-
1152 5780 1162 5814 ⁸
1173 5779 1210 5831 sic
1221 5785 1258 5834 tn.
1270 5783 1296 5831 et
1306 5775 1421 5841 plerique
1432 5783 1485 5830 ttss.
1497 5783 1526 5828 tt
1534 5785 1583 5828 ann.
1594 5783 1694 5842 otton,
1704 5777 1804 5832 ιιιιιιιι.
