4084 6367
502 304 637 372 {551

499 427 646 500 quod
688 375 934 480 manibus
960 416 1166 480 feeerit.
1209 412 1286 474 Cu
1303 432 1332 472 r
1365 415 1544 487 itaque
1570 411 1889 485 quibusdam
1915 409 2087 464 visum

369 559 380 568 ·
497 521 670 579 fuerit·
688 519 854 574 verbo
902 517 1069 572 Deum
1112 512 1300 570 fecisse
1345 518 1538 566 cratera
1565 550 1582 574 ,
1642 504 1914 561 hominem
1950 514 2084 558 vero

499 615 649 670 velut
673 608 873 681 aliquid
907 606 1242 679 praecipuum
1281 601 1473 659 iecisse
1519 597 1770 654 manibus
1809 595 1942 660 suIS,
1975 608 2083 648 non

496 703 659 760 video
691 720 704 757 :
736 700 839 756 nisi
874 698 1010 755 sorte
1054 694 1175 768 quia
1226 709 1297 750 ex
1321 692 1548 764 pulvere
1576 688 1862 747 formatum
1892 685 2088 756 legitur

499 791 737 850 hominis
779 804 978 860 corpus
1016 785 1172 860 (Gen.
1225 800 1287 852 ιι,
1309 783 1387 857 7),
1425 797 1533 839 non
1562 781 1802 854 potuisse
1829 776 1944 834 lieri
1981 774 2086 832 nisi

497 884 750 943 manibus
777 882 1142 947 arbitrantur3
1171 893 1270 934 nee
1296 876 1580 933 attendunt
1624 871 1771 946 quod
1810 872 1865 928 in
1901 869 2083 925 Evan-

498 978 643 1052 gelio
690 975 759 1032 de
787 973 965 1031 Verbo
1011 972 1106 1028 Dei
1139 972 1398 1042 seriptum
1423 977 1530 1035 est,
1561 966 1748 1022 Omnia
1797 981 1887 1036 per
1916 964 2086 1035 ipsum

499 1073 642 1145 foeta
659 1076 778 1123 tunt
807 1066 989 1138 (loun.
1011 1081 1048 1132 1,
1073 1061 1152 1137 3),
1183 1077 1290 1118 ιιοιι
1314 1076 1470 1133 posse
1493 1068 1764 1123 constare,
1781 1057 1828 1113 si
1853 1069 1960 1111 non
1991 1068 2090 1124 per

497 1161 740 1220 Verbum
762 1159 961 1216 factum
988 1166 1073 1214 est
1096 1158 1256 1213 etiam
1281 1167 1478 1225 eorpus
1496 1153 1812 1209 humanum.
1843 1147 1950 1205 Sed
1988 1147 2085 1202 ad·

501 1253 694 1308 hibent
722 1251 1090 1306 testimonium
1117 1247 1186 1303 de
1209 1245 1319 1302 hoe
1342 1245 1570 1318 psalmo,
1599 1251 1654 1299 et
1693 1241 1921 1298 dieunt:
1951 1239 2091 1294 Eece

502 1344 596 1400 ubi
621 1342 960 1413 apertissime
985 1341 1183 1397 elamat
1202 1339 1386 1404 homo,
1407 1335 1597 1391 Manus
1619 1342 1720 1389 tuoe
1741 1336 1968 1407 fecerunt
1985 1345 2090 1400 me,

501 1444 550 1492 et
583 1436 844 1505 finxerunt
864 1450 962 1488 me.
994 1431 1158 1502 Quasi
1187 1447 1295 1486 non
1323 1439 1510 1501 aperte
1559 1427 1720 1484 etiam
1749 1425 1954 1482 dietum
1980 1424 2054 1479 sit
2076 1462 2092 1490 ,

509 1526 702 1584 Videbo
727 1528 902 1594 coelos,
939 1541 1096 1599 opera
1127 1525 1403 1597 digitorum
1425 1531 1628 1577 tuorum
1646 1519 1818 1592 (Psoi.
1843 1535 1960 1588 vm,
1989 1517 2094 1590 t),
2078 1533 2093 1548 ·

503 1633 607 1675 nee
632 1635 806 1674 nunus
832 1626 1033 1688 aperte,
1060 1613 1132 1670 Et
1159 1630 1316 1686 opera
1341 1628 1587 1669 manuum
1611 1620 1819 1666 tuorum
1842 1617 1961 1666 sunt
1983 1609 2098 1664 coelt'

504 1709 680 1782 (Psoi.
709 1725 777 1778 ει,
809 1708 962 1782 26);
993 1708 1269 1778 multoque
1297 1707 1556 1777 apertius,
1583 1703 1652 1758 Et
1680 1703 1881 1758 aridam
1907 1711 2094 1757 terram

503 1805 686 1858 ritanus
707 1803 818 1874 ejus
849 1802 1112 1873 finxerunt
1139 1797 1312 1871 (Ptol.
1333 1813 1479 1864 xciv,
1507 1794 1584 1869 5).
1631 1795 1820 1852 Manus
1845 1809 1972 1866 ergo
2003 1792 2098 1850 Dei

508 1905 636 1953 sunt
661 1903 902 1967 potestas
943 1893 1062 1949 Dei.
1091 1894 1200 1948 Διιι
1236 1892 1282 1948 si
1311 1889 1535 1962 pluralis
1560 1901 1818 1944 numerus
1841 1901 1936 1942 eos
1977 1900 2097 1940 mo-

503 1998 618 2058 vet,
641 1989 764 2060 quia
787 2003 894 2044 non
918 1986 1118 2042 dietum
1135 1991 1239 2052 est,
1265 1997 1456 2039 manus
1479 1991 1589 2049 tua,
1617 1980 1733 2046 sed,
1759 1995 1944 2034 manus
1960 1987 2099 2045 tute,-

509 2083 774 2155 accipiant
801 2095 994 2138 manus
1034 2081 1147 2146 Dei,
1199 2078 1449 2133 virtutem
1490 2082 1545 2131 et
1593 2072 1909 2144 sapientiam
1956 2070 2092 2138 Dei,

513 2174 658 2248 quod
678 2183 962 2244 utrumque
981 2186 1122 2228 unus
1134 2169 1310 2227 dictus
1329 2179 1416 2225 est
1435 2163 1681 2222 Christus
1707 2165 1751 2236 (l
1773 2163 1890 2221 Gor.
1912 2179 1953 2230 ι,
1977 2159 2093 2233 24);

509 2269 602 2338 qui
633 2267 798 2323 etiam
835 2262 1147 2334 intelligitur
1171 2259 1448 2317 brachium
1478 2257 1710 2324 Domini,
1743 2256 1830 2310 ubi
1881 2255 2093 2326 legitur,

509 2355 582 2413 Et
606 2356 868 2412 brachium
909 2351 1119 2409 Domini
1143 2351 1228 2406 cui
1252 2349 1526 2406 revelatum
1565 2356 1637 2402 est
1663 2344 1818 2418 (lsai,
1848 2361 1960 2411 mu,
1991 2343 2099 2415 ss?

506 2448 618 2506 Aut
633 2447 898 2519 accipiant
912 2459 1103 2501 manus
1125 2442 1240 2509 Dei,
1261 2441 1458 2497 Filium
1480 2448 1536 2495 et
1548 2438 1810 2508 Spiritum
1823 2445 2096 2503 sanetum3

508 2540 634 2613 quia
656 2545 712 2596 et
731 2538 966 2608 Spiritus
1010 2544 1232 2591 sanetus
1264 2538 1584 2602 cooperator
1611 2537 1695 2584 est
1715 2527 1892 2584 Patris
1917 2534 1972 2583 et
2011 2525 2101 2582 Fi-

504 2631 604 2689 lii:
635 2629 778 2686 unde
820 2630 896 2685 ait
945 2627 1264 2697 Apostolus,
1311 2623 1498 2678 Omnia
1540 2623 1648 2678 hoeo
1683 2631 1924 2694 operatur
1965 2637 2099 2676 unus

509 2721 817 2794 etquidem
855 2719 1086 2790 Spiritus
1104 2716 1151 2780 (l
1171 2715 1291 2774 Gor.
1327 2730 1420 2783 xn,
1445 2712 1558 2787 tt).
1590 2709 1884 2785 Propterea
1901 2714 2101 2784 quippe

507 2813 662 2880 dixit,
694 2811 840 2868 Unus
859 2818 1008 2883 atque
1031 2808 1202 2875 itum,-
1225 2821 1295 2862 ne
1323 2814 1404 2861 tot
1421 2806 1640 2875 spiritus
1659 2813 1788 2876 quot
1809 2817 1975 2875 opera
1995 2818 2097 2875 pu-

505 2911 771 2970 urentur,
800 2917 904 2957 non
925 2899 1068 2972 quod
1089 2901 1206 2955 sine
1227 2898 1388 2953 Patre
1408 2905 1463 2952 et
1481 2895 1620 2952 Filio
1652 2895 1884 2966 Spiritus
1907 2909 2101 2965 opere-

507 3005 619 3054 tw.
638 2993 890 3052 Liberum
917 3002 1003 3049 est
1021 2991 1185 3063 igitur
1205 2987 1478 3062 quomodo
1517 2985 1882 3062 intelligantur
1906 3001 2099 3043 manus

507 3087 605 3147 Dei
633 3105 649 3143 ε
671 3088 798 3145 (lum
823 3094 1002 3143 tamen
1029 3099 1130 3141 nee
1149 3097 1215 3140 ea
1234 3097 1353 3153 quae
1381 3081 1507 3138 facit
1527 3081 1792 3146 manibus,
1813 3080 1994 3138 Verbo
2013 3081 2097 3136 ia-

505 3195 632 3239 eere
651 3187 912 3252 uegetum
952 3190 1053 3233 nee
1075 3190 1142 3232 ea
1165 3189 1285 3247 quae
1308 3173 1440 3229 facit
1485 3171 1664 3228 Verbo
1688 3215 1703 3240 ,
1733 3172 1983 3228 manibus
2012 3172 2096 3228 sa-

505 3288 633 3332 eere
651 3289 758 3332 non
779 3279 1037 3344 putetur,
1020 3287 1035 3301 ·
1057 3284 1161 3326 nee
1179 3274 1398 3340 propter
1419 3281 1611 3321 manus
1635 3263 1808 3320 forma
1830 3264 2093 3335 eorporis,

511 3375 602 3423 aut
633 3365 742 3421 alia
779 3377 970 3419 manus
998 3362 1263 3423 sinistra,
1309 3359 1418 3414 alia
1461 3357 1673 3422 dextra,
1729 3370 1832 3412 nec
1875 3365 2096 3427 propter

493 3457 746 3536 ¹Verbum
775 3467 941 3512 sonus
969 3453 1099 3520 oris,
1120 3452 1206 3508 vel
1228 3456 1405 3506 motus
1423 3449 1588 3504 animi
1610 3447 1949 3504 transitorius
1966 3461 2095 3546 ope-

511 3547 657 3606 ranti
675 3547 786 3602 Deo
812 3547 990 3600 inesse
1015 3542 1288 3600 credatur.

581 3635 640 3692 2.
661 3633 774 3695 Nee
801 3632 1088 3692 defuerunt
1113 3631 1202 3703 qui
1242 3629 1351 3687 duo
1370 3629 1477 3686 ista
1509 3627 1696 3693 verba,
1744 3629 1968 3698 fecmnt
1993 3643 2094 3696 me,

507 3737 558 3786 et
605 3729 860 3798 finxerunt
896 3741 995 3791 me,
1023 3724 1103 3780 sie
1146 3721 1552 3792 distinguerent,
1583 3719 1897 3774 utanimam
1926 3717 2095 3772 Deum

509 3820 732 3888 fecisse,
752 3831 948 3889 eorpus
971 3823 1150 3872 autem
1179 3813 1402 3868 linxisse
1431 3810 1703 3875 dicerent;
1737 3808 1861 3878 quia
1880 3808 1948 3863 de
1975 3807 2093 3863 ani-

509 3927 602 3970 ma
620 3911 753 3968 dixit
780 3911 940 3975 Deus,
969 3904 1180 3962 Omnem
1205 3905 1384 3975 flatum
1406 3917 1498 3974 eqo
1528 3902 1624 3972 feci
1643 3898 1799 3972 (lsai.
1826 3915 1949 3966 ινιι,
1977 3897 2087 3969 16);

409 4010 420 4019 ’
511 4005 581 4061 de
605 4016 833 4075 corpore
876 4009 1054 4056 autem
1104 3996 1317 4068 legitur,
1367 3993 1434 4049 Et
1474 3995 1621 4064 finxit
1663 3993 1802 4048 Dent
1843 3993 2095 4048 [nerninem

515 4095 772 4167 pulverem
801 4091 865 4148 de
907 4101 1040 4145 terra
1065 4087 1222 4160 (Gen.
1258 4103 1317 4152 ιι,
1340 4086 1396 4159 7)
1421 4102 1435 4140 t
1465 4095 1719 4156 tanquam
1747 4085 1837 4139 liat
1875 4083 2091 4154 quidem

512 4199 678 4242 omne
703 4182 844 4255 quod
893 4181 1130 4252 fingitur,
1160 4194 1265 4234 non
1293 4186 1470 4234 tamen
1507 4177 1736 4247 fingatur
1763 4189 1922 4230 omne
1949 4172 2091 4244 quod

513 4273 594 4329 ut.
626 4273 695 4328 Et
724 4271 844 4328 ideo
862 4273 1095 4326 animam
1125 4269 1324 4326 saetam
1357 4267 1531 4338 potius
1574 4266 1760 4322 dicunt
1783 4279 1903 4321 esse
1929 4279 2091 4334 quam

523 4365 727 4433 fletam,
757 4363 884 4435 quia
907 4376 1014 4418 non
1039 4369 1123 4418 est
1143 4375 1359 4432 eorpus,
1390 4359 1482 4416 sed
1510 4359 1728 4427 spiritus
1755 4375 1771 4426 ;
1802 4359 1958 4429 quasi
1985 4373 2089 4413 non

513 4457 769 4530 scriptum
797 4457 886 4524 sit,
911 4455 1013 4522 Qun·
1041 4455 1188 4524 finxit
1239 4453 1472 4524 spiritum
1521 4452 1738 4506 hominis
1753 4452 1808 4506 in
1831 4452 1943 4522 ipso
1969 4450 2093 4523 (Ζα-

512 4556 656 4612 ehnr.
686 4568 782 4620 xn,
811 4551 898 4622 l).
953 4547 1335 4605 Verumtamen
1403 4546 1617 4618 quando
1665 4554 1950 4616 utrumque
1989 4544 2091 4600 hoc

512 4647 734 4704 verbum
761 4645 832 4701 de
861 4641 1077 4698 homine
1106 4639 1160 4695 in
1203 4640 1322 4695 loeo
1361 4653 1470 4694 uno
1507 4636 1754 4708 ponitur,
1800 4644 1856 4692 et
1879 4645 2090 4691 utrum-

509 4753 616 4812 que
665 4735 920 4802 hominis,
951 4733 1008 4790 id
1049 4740 1170 4802 est,
1211 4740 1268 4788 et
1295 4731 1472 4787 anima
1519 4740 1572 4786 et
1601 4744 1795 4801 corpus
1836 4729 2091 4786 divinitus

509 4831 786 4890 eonditum
811 4843 919 4884 non
961 4833 1221 4898 negatur;
1262 4839 1366 4880 non
1393 4822 1719 4894 ineleganter
1759 4821 2091 4880 distribuun-

516 4935 604 4981 tur
619 4922 842 4996 singulis
869 4920 1106 4992 singula,
1156 4925 1216 4973 ut
1255 4917 1440 4974 anima
1489 4915 1654 4984 faeta,
1683 4931 1878 4988 eorpus
1908 4925 2089 4973 autem

512 5017 700 5073 fletum
735 5014 1082 5086 intelligatur,
1112 5010 1228 5067 sive
1269 5009 1578 5076 formatum,
1601 5009 1713 5066 sive
1743 5009 2087 5079 plasmatum.

515 5107 652 5164 Nam
675 5106 891 5177 quidam
923 5105 1242 5174 interpretes
1271 5102 1558 5158 noluerunt
1604 5100 1801 5167 dicere,
1836 5102 2093 5171 finxermt

509 5215 622 5266 me,·
649 5197 779 5265 sed,
809 5197 1185 5270 plasmaverunt
1223 5209 1342 5249 me:
1369 5191 1540 5264 magis
1597 5191 1876 5263 diligentes
1915 5192 2093 5249 minus

515 5285 683 5346 latine
717 5287 992 5346 declinare
1033 5287 1102 5344 de
1151 5300 1327 5358 graeco
1349 5327 1366 5352 ,
1415 5299 1579 5356 quam
1602 5283 1784 5339 dieere
1811 5285 2087 5354 finxerunt,

511 5379 654 5451 quod
681 5379 968 5452 aliquando
1007 5377 1170 5434 etiam
1195 5376 1264 5432 de
1306 5375 1644 5432 simulatione
1681 5374 1787 5431 dici
1823 5375 1982 5432 solet.

587 5471 642 5526 5.
689 5469 794 5526 Sed
824 5479 1001 5526 utrum
1028 5467 1130 5523 hoe
1149 5466 1448 5524 secundum
1484 5465 1652 5522 Adam
1683 5464 1880 5522 dietum
1901 5475 2003 5536 est,
2023 5482 2092 5524 ex

511 5575 622 5633 quo
641 5575 760 5616 cum
792 5561 896 5616 siut
934 5575 1121 5616 omnes
1163 5559 1413 5616 homines
1436 5559 1734 5632 propagati,
1761 5560 1882 5631 quis
1916 5559 2093 5616 homi-

519 5669 671 5719 num,
698 5651 909 5725 quando
941 5653 1032 5709 ille
1057 5653 1228 5709 iaetus
1249 5661 1354 5721 ost,
1383 5651 1545 5708 etiam
1563 5666 1626 5708 se
1645 5651 1840 5708 factum
1863 5665 1971 5709 non
1995 5667 2092 5724 po-

510 5757 622 5806 test
648 5747 826 5804 dicere
841 5745 1064 5818 originis
1084 5743 1412 5818 seminisque
1434 5745 1687 5803 ratione?
1713 5746 1809 5802 An.
1822 5743 1986 5802 etiam
2005 5759 2094 5802 se-

1743 263 1800 354 s'.
1841 283 2208 351 Auous‘rmt
2233 279 2537 344 Episcopi

3611 291 3737 350 ¹552

2196 426 2429 485 eundum
2459 425 2562 480 hoe
2606 429 2755 480 reete
2792 419 2898 478 dici
2947 418 3139 494 potuit,
3184 419 3370 480 Hanno
3409 429 3503 480 tuoe
3538 425 3738 496 {comat

2194 535 2295 584 me,
2322 526 2371 572 et
2415 517 2791 588 plasmaverunt
2832 531 2931 583 me,
2973 516 3228 587 quoniam
3280 518 3625 588 unusquisque
3647 535 3743 575 non

2196 610 2313 666 sine
2334 624 2495 680 opere
2525 607 2623 676 Dei
2643 608 2807 664 etiam
2835 607 2902 663 de
2924 608 3233 678 parentibus
3260 609 3320 665 tit
3339 651 3353 676 ,
3384 608 3495 680 ipso
3530 619 3745 678 creante,

2197 701 2301 766 illis
2330 698 2743 772 generantibus?
2768 697 3031 768 Quoniam
3056 701 3102 755 si
3144 701 3443 771 operatoria
3460 699 3549 754 Dei
3574 707 3749 770 poten-

2198 794 2271 848 tia
2352 793 2513 850 rebus
2586 792 2930 848 subtrahatur
2965 832 2981 860 ,
3042 792 3341 860 intereunt:
3412 806 3510 848 nee
3574 791 3751 864 aliquid

2196 885 2416 941 omnino
2460 883 2573 939 sive
2614 883 2681 939 de
2728 881 2917 939 mundi
2958 883 3257 955 elementis,
3302 881 3415 939 sive
3454 881 3521 939 de
3560 884 3750 953 genito-

2196 978 2369 1046 ribus,
2410 977 2525 1032 sive
2552 975 2621 1033 de
2673 971 2970 1032 seminibus
3018 976 3274 1044 nascitur,
3324 975 3372 1032 si
3394 990 3457 1032 ea
3506 989 3608 1031 non
3638 991 3756 1047 ope-

2196 1076 2346 1123 retur
2388 1067 2552 1136 Deus.
2607 1066 2834 1137 Propter
2869 1065 3014 1137 quod
3066 1067 3141 1123 ait
3168 1066 3444 1137 prophetae
3488 1065 3717 1121 Jeremiae
3738 1107 3751 1132 ,

2195 1154 2505 1228 Priusquam
2559 1164 2609 1210 te
2661 1156 2934 1226 seruiat-em
2974 1156 3028 1211 in
3070 1165 3213 1211 utero
3243 1197 3260 1224 ,
3304 1156 3420 1210 novi
3466 1163 3513 1210 te
3560 1153 3755 1226 (Jerem.

2200 1263 2241 1315 ι,
2286 1247 2366 1320 5).
2416 1247 2523 1303 Sed
2594 1247 2853 1318 numquid
2913 1249 3030 1305 sine
3090 1247 3363 1306 intellectu
3416 1247 3541 1304 feeit
3600 1247 3759 1304 homi·

2196 1353 2321 1396 nem
2356 1337 2521 1406 Deus,
2552 1339 2667 1396 sive
2688 1338 2942 1410 primum,
2970 1339 3082 1396 sive
3108 1353 3539 1410 unumquemque
3552 1352 3763 1394 nascen-

2202 1429 2358 1496 tium,
2406 1438 2462 1486 et
2493 1443 2635 1485 nune
2658 1429 2805 1486 dieat
2832 1429 2903 1498 ei,
2938 1429 3150 1502 Manu,
3183 1439 3285 1486 tute
3335 1432 3553 1503 fecerunt
3596 1445 3690 1496 me,
3720 1439 3765 1483 et

2200 1520 2581 1590 plasmaverunt
2624 1535 2739 1586 me,·
2784 1520 2853 1574 da
2886 1520 3015 1576 mihi
3052 1519 3363 1576 intellectum
3386 1521 3413 1575 2
3452 1520 3635 1577 Nonne
3676 1519 3765 1591 ipsi

2200 1622 2408 1668 naturae
2430 1613 2679 1669 humanae
2706 1613 3013 1671 intellectus
3038 1621 3121 1669 est
3148 1614 3367 1683 inditus,
3399 1621 3457 1670 ut
3492 1629 3559 1671 eo
3580 1611 3767 1669 discer-

2201 1715 2363 1762 natur
2400 1720 2431 1761 a
2452 1707 2690 1778 pecore?
2715 1709 2799 1762 An
2843 1706 2923 1763 sie
2946 1716 3031 1763 est
3056 1707 3353 1763 deformata
3380 1705 3671 1777 peccando,
3718 1711 3771 1764 ut

2208 1800 2375 1854 etiam
2422 1799 2525 1854 hoe
2552 1801 2605 1855 in
2642 1814 2707 1855 ea
2731 1797 3136 1856 reformandum
3168 1805 3241 1855 sit
3258 1799 3285 1855 ἲ
3312 1799 3537 1870 Propter
3556 1797 3689 1870 quod
3722 1804 3773 1858 et

2205 1891 2497 1962 Apostolus
2518 1891 2773 1947 omnibus
2798 1891 2868 1948 ad
2894 1891 3365 1963 regenerationem
3406 1887 3775 1962 pertinentibus

2208 1982 2358 2048 dicit,
2382 1982 2721 2039 Renovamini
2757 1984 2941 2055 spiritu
2964 1983 3143 2038 mentis
3168 1992 3347 2039 vestroe
3376 1999 3395 2038 .·
3426 1992 3479 2039 et
3502 1982 3681 2053 utique
3700 1981 3775 2037 in-

2205 2073 2453 2130 tellectus
2472 2075 2527 2130 in
2550 2083 2732 2130 mente
2768 2083 2873 2130 est.
2914 2073 3052 2130 Hine
3080 2087 3271 2130 rursus
3295 2078 3393 2142 ait,
3422 2071 3777 2148 Reformamini

2200 2165 2255 2219 in
2296 2165 2515 2220 novitate
2565 2181 2739 2221 sensus
2764 2165 2917 2221 vestri
2944 2163 3121 2236 (Rom.
3147 2180 3221 2220 ιιι
3239 2205 3257 2234 ,
3278 2162 3341 2237 2)
3369 2183 3385 2222 :
3411 2164 3482 2221 de
3508 2163 3589 2219 his
3611 2173 3777 2222 autem

2202 2255 2291 2326 qui
2320 2254 2478 2326 huius
2506 2255 2927 2328 regenerationis
2954 2263 3236 2312 consortes
3263 2269 3373 2311 non
3396 2263 3571 2324 erant,
3596 2253 3737 2311 «lloe
3756 2273 3777 2308 ι

2202 2346 2375 2416 inquit
2405 2389 2420 2416 ,
2475 2365 2495 2400 t
2524 2345 2647 2402 dico
2671 2355 2727 2402 et
2771 2345 3030 2403 testificor
3058 2349 3112 2402 in
3158 2346 3411 2415 Domino,
3458 2355 3647 2402 utnon
3678 2345 3783 2415 jam

2200 2439 2489 2495 ambuletis
2514 2438 2651 2495 sicut
2670 2446 2727 2496 et
2746 2437 2946 2496 Gentes
2964 2439 3241 2495 ambulant
3260 2437 3319 2494 in
3342 2437 3581 2494 vanitate
3600 2436 3783 2494 mentis

2202 2548 2314 2589 suae
2344 2575 2359 2599 ,
2387 2533 2660 2589 obscurati
2704 2532 3059 2604 intelligentia
3082 2573 3097 2600 ,
3130 2531 3348 2588 alienati
3374 2531 3411 2587 a
3450 2531 3537 2587 via
3568 2530 3661 2587 Dei
3694 2544 3787 2600 per

2202 2623 2584 2694 ignorantiam,
2615 2639 2737 2695 quae
2764 2633 2849 2681 est
2874 2625 2930 2680 in
2960 2623 3071 2680 illis
3108 2631 3329 2696 propter
3350 2623 3654 2680 caeeitutem
3672 2635 3789 2678 eor-

2201 2713 2287 2771 dis
2310 2730 2495 2772 eorum
2521 2733 2539 2768 ι
2573 2714 2793 2788 (Ephes.
2822 2731 2897 2784 ιν,
2937 2717 3024 2782 17,
3051 2715 3140 2785 18,
3172 2714 3291 2789 25).
3320 2716 3555 2788 Propter
3581 2714 3679 2770 hos
3698 2713 3791 2785 igi·

2200 2814 2289 2863 tur
2324 2807 2611 2864 interiores
2632 2809 2841 2876 oeulos,
2872 2823 3099 2880 quorum
3124 2809 3346 2866 eaecitas
3388 2816 3475 2865 est
3500 2823 3605 2864 non
3635 2805 3785 2862 intel-

2200 2899 2388 2972 ligere,
2418 2909 2478 2956 ut
2500 2902 2833 2971 aperiantur,
2862 2911 2919 2958 et
2940 2903 3113 2974 magis
3139 2903 3425 2974 magisque
3452 2909 3787 2970 serenentur,

2200 2991 2307 3048 tide
2333 2992 2499 3048 eorda
2530 2992 2855 3049 mundantur
2886 2993 3021 3064 (Aet.
3058 3010 3148 3062 xv,
3192 2993 3278 3064 9).
3320 2995 3585 3064 Quamvis
3608 2993 3787 3061 enim,

2198 3084 2302 3142 nisi
2324 3085 2525 3157 aliquid
2550 3085 2832 3158 intelligat,
2863 3100 3024 3143 nemo
3053 3088 3225 3158 possit
3256 3089 3491 3144 eredere
3511 3088 3564 3143 in
3590 3088 3791 3154 Deum3

2198 3185 2381 3234 tamen
2439 3178 2553 3248 ipsa
2607 3177 2713 3234 lide
2760 3193 2870 3249 qua
2896 3178 3067 3234 eredit
3092 3219 3107 3245 ‚
3148 3187 3393 3247 sanatur,
3440 3189 3503 3236 ut
3540 3178 3795 3251 intelligat

2200 3271 2484 3340 ampliora.
2515 3269 2635 3324 Alia
2660 3281 2785 3327 sunt
2820 3271 2965 3327 enim
2986 3287 3105 3342 quae
3139 3272 3245 3329 nisi
3270 3273 3665 3344 intelligamus,
3694 3285 3797 3328 non

2200 3359 2506 3426 eredimus;
2538 3369 2594 3415 et
2618 3361 2726 3416 alia
2754 3369 2879 3416 sunt
2904 3375 3027 3433 quae
3052 3363 3157 3419 nisi
3203 3364 3530 3433 credamus,
3580 3379 3691 3419 non
3715 3361 3797 3418 in-

2198 3453 2507 3523 telligimus.
2534 3451 2667 3509 Nam
2708 3468 2831 3509 eum
2862 3453 2996 3510 fides
3024 3455 3096 3510 sit
3124 3469 3192 3511 ex
3220 3455 3429 3524 auditu,
3470 3455 3689 3512 auditus
3707 3469 3801 3511 au-

2198 3553 2307 3600 tem
2346 3559 2443 3614 per
2489 3545 2714 3600 verbum
2750 3544 2951 3601 Christi
3000 3543 3201 3619 (Rom.
3229 3562 3287 3611 x,
3322 3548 3395 3603 17
3420 3547 3477 3619 );
3522 3545 3796 3618 quomodo

2198 3634 2377 3692 eredit
2403 3635 2721 3705 praedicanti
2770 3636 2931 3692 tidem
2958 3679 2973 3704 ,
3000 3637 3093 3709 qni
3112 3678 3130 3706 ,
3170 3647 3232 3695 ιιι
3258 3639 3367 3695 alia
3405 3648 3650 3710 taceam,
3695 3639 3799 3695 lin·-

2196 3743 2358 3800 guam
2383 3729 2556 3798 ipsam
2578 3743 2738 3799 quam
2770 3729 3005 3800 loquitur
3042 3746 3149 3786 non
3196 3731 3497 3804 intelligit?
3544 3731 3655 3790 Sed
3696 3729 3799 3786 nisi

2198 3831 2380 3879 essent
2420 3835 2601 3882 rursus
2628 3822 2807 3894 aliqua
2836 3839 2955 3894 qute
2992 3822 3291 3896 intelligere
3318 3841 3437 3882 non
3464 3841 3761 3898 possumus
3780 3865 3797 3894 ,

2196 3913 2299 3968 nisi
2329 3920 2455 3969 ante
2475 3913 2775 3979 credan·iuS‚
2804 3913 3065 3984 propbeta
3087 3930 3193 3970 non
3218 3915 3455 3986 diceret,
3484 3917 3611 3973 Nisi
3633 3915 3803 3972 credi-

2197 4005 2396 4072 deritis,
2426 4021 2525 4062 non
2552 4005 2842 4078 intelliqetis
2872 4005 3027 4077 (hni-
3054 4023 3151 4073 vn,
3182 4007 3236 4074 9,
3266 4025 3375 4064 see.
3408 4008 3612 4081 Lxx).
3632 4007 3806 4066 Proli-

2196 4097 2269 4152 eit
2296 4109 2424 4167 ergo
2451 4103 2637 4152 noster
2662 4095 2961 4152 intellectus
2976 4097 3043 4152 ad
3060 4097 3409 4169 intelligenda
3436 4115 3567 4171 quae
3594 4099 3801 4167 eredat,

2196 4196 2251 4241 et
2270 4185 2406 4242 fides
2428 4185 2637 4257 proiicit
2661 4187 2729 4242 ad
2752 4187 3020 4244 credenda
3043 4204 3163 4260 quae
3188 4176 3509 4262 intelligat,
3532 4199 3593 4247 et
3612 4189 3805 4248 eadem

2196 4277 2315 4349 ipsa
2350 4287 2409 4334 ut
2434 4279 2603 4347 magis
2634 4281 2909 4351 magisque
2948 4281 3336 4352 intelligantur,
3388 4283 3447 4340 in
3478 4285 3607 4356 ipso
3643 4284 3807 4340 intel-

2197 4367 2337 4424 lectu
2368 4367 2586 4439 proiicit
2634 4383 2807 4425 mens.
2858 4368 2966 4426 Sed
3010 4371 3113 4427 hoe
3153 4386 3259 4428 non
3292 4373 3353 4428 iit
3402 4375 3655 4447 propriis
3684 4383 3807 4432 tan·

2194 4475 2355 4532 quam
2387 4460 2715 4516 naturalibus
2741 4461 2980 4529 viribus,
3022 4464 3119 4520 sed
3164 4463 3279 4520 Deo
3302 4464 3619 4536 adjuvante
3648 4477 3810 4536 atque

2194 4551 2458 4619 donante;
2492 4553 2631 4608 sieut
2672 4552 2942 4609 medicina
2968 4553 3057 4622 iit,
3104 4570 3211 4611 non
3240 4563 3469 4626 natura,
3500 4568 3563 4614 ut
3587 4559 3811 4616 vitiatus

2195 4645 2379 4700 oculus
2406 4645 2513 4700 vim
2542 4645 2796 4702 cernendi
2826 4646 3075 4716 recipiat.
3101 4648 3201 4716 Qui
3222 4663 3357 4720 ergo
3378 4650 3525 4708 dicit
3558 4651 3696 4718 Deo,
3726 4649 3811 4704 Da

2170 4723 2321 4790 ‘utilri
2348 4737 2672 4806 intellectum,
2704 4745 2761 4792 ιιι
2786 4737 2983 4794 discam
3008 4738 3251 4794 mandata
3288 4749 3408 4808 tua,
3464 4757 3583 4800 non
3634 4740 3813 4798 omnl-

2196 4828 2359 4884 modo
2382 4843 2578 4900 expers
2605 4830 2722 4900 ejus
2748 4838 2853 4899 est,
2881 4830 3029 4887 velut
3061 4845 3263 4901 peeus;
3294 4847 3405 4888 nee
3430 4833 3536 4905 ita,
3560 4831 3813 4905 quamvis

2174 4921 2379 4988 ⁴homo,
2406 4930 2463 4977 ut
2490 4921 2543 4978 in
2572 4936 2759 4980 eorum
2792 4939 3019 4981 numero
3038 4923 3387 4994 deputandus
3424 4924 3542 4992 sit,
3572 4925 3669 4997 qui
3696 4940 3813 4979 ‹tm-

2196 5010 2369 5066 bulant
2412 5011 2465 5066 in
2493 5015 2715 5070 vanitate
2740 5015 2920 5070 mentis
2946 5029 3085 5079 ottoe,
3118 5013 3379 5069 obscurati
3406 5016 3770 5088 intelligentia
3794 5055 3812 5083 ,
3872 5037 3875 5042 ·

2196 5105 2403 5160 alienati
2428 5121 2461 5161 a
2486 5106 2571 5161 oia
2588 5105 2707 5162 Dei.
2735 5106 2867 5164 Nam
2896 5107 2943 5163 si
2984 5105 3105 5162 talis
3136 5114 3285 5162 esset
3306 5147 3322 5175 ,
3358 5123 3487 5166 nee.
3500 5108 3618 5166 hoe
3661 5109 3817 5166 dice-

2197 5204 2299 5252 ret.
2353 5195 2469 5252 Non
2523 5206 2701 5254 autem
2741 5197 2889 5268 parvi
2918 5205 3003 5267 est
3028 5196 3332 5268 intellectus
3356 5239 3373 5264 ,
3433 5214 3613 5257 nosse
3644 5214 3679 5256 a
3708 5213 3819 5268 quo

2198 5288 2497 5359 poscendus
2520 5291 2591 5345 sit
2614 5289 2940 5348 intellectus.
2964 5290 3029 5345 Et
3056 5289 3427 5361 ‘cogitandum
3472 5301 3567 5348 est
3606 5301 3816 5366 quanto

2196 5380 2306 5436 sint
2320 5380 2481 5436 altius
2504 5379 2846 5450 intelligenda
2869 5380 3049 5438 divina
3072 5381 3360 5450 mandata,
3397 5385 3645 5455 quando
3666 5384 3739 5442 ad
3756 5399 3823 5440 ea

2196 5472 2450 5529 discenda
2494 5471 2593 5527 sibi
2621 5471 2797 5529 adhue
2827 5474 2945 5531 dari
2992 5475 3323 5532 intellectum
3360 5479 3551 5548 petit,
3580 5480 3677 5551 qui
3704 5479 3821 5552 jam

2198 5565 2277 5622 sie
2300 5561 2578 5634 intelligit,
2608 5571 2667 5621 et
2706 5565 2799 5637 qui
2828 5567 3040 5638 eloquia
3066 5567 3161 5624 Dei
3206 5581 3268 5624 se
3298 5569 3646 5629 custodisse
3692 5580 3823 5646 ante

2194 5653 2302 5726 iam
2328 5651 2478 5709 dixit.

2269 5744 2325 5802 t.
2363 5743 2517 5812 Quod
2554 5754 2733 5806 autem
2776 5749 3108 5823 interpretati
3144 5757 3271 5808 sunt
3312 5753 3533 5826 nostri,
3562 5751 3661 5812 Da
3696 5752 3833 5813 mffl
