4084 6367
221 364 292 423 taso

215 478 258 532 rit
268 485 296 532 ει
308 473 435 532 tenebras
447 485 541 548 eorum
557 485 602 541 gur
616 463 778 537 habitantia
796 469 886 528 noem,
901 466 930 515 ει
942 458 1016 528 ipsos

224 567 324 626 merari
340 566 397 623 uult
411 581 419 622 ε
434 563 538 620 ιειιειίι
549 560 584 616 ad
601 558 706 626 eosqui
727 553 866 612 christiani
880 557 943 606 sunt
957 547 1017 618 qui·

224 661 287 717 dem
305 658 456 714 habitantes
469 655 495 709 ia
508 652 598 718 domo,
610 666 663 706 non
676 648 752 720 guasi
766 647 811 717 qui
824 659 880 700 non
893 639 1015 699 credide·

223 754 291 824 rint¹
303 761 350 810 aut
360 749 430 823 guod
442 746 612 806 crediderant
623 741 785 804 dimiserint,
798 738 845 795 sed
858 737 885 791 in
899 750 932 790 eo
944 732 1014 804 guod

223 845 338 903 credunt
347 841 435 915 tepide
444 832 779 904 ambulantcs301amatad
788 847 834 887 eos
845 842 948 901 passer,
959 839 1014 881 uon

223 939 251 994 in
264 936 417 1001 solitudine,
433 933 496 1004 qaia
507 930 645 988 christiani
659 935 739 992 sunt;
753 939 804 980 nee
814 925 841 978 in
853 919 1013 994 parietinis,

224 1031 353 1101 quianon
373 1027 543 1092 ceciderunt,
565 1022 613 1080 sed
627 1029 715 1078 ιειιιειι
731 1019 759 1074 in
781 1025 850 1074 tecto
865 1024 944 1081 sunt;
966 1011 1018 1068 sub

223 1131 295 1178 tecto
307 1120 405 1191 polius,
420 1119 481 1190 quia
498 1115 549 1173 sub
563 1129 644 1171 carne
655 1121 727 1168 sunt.
742 1103 789 1164 lile
807 1122 889 1179 super
907 1117 1015 1159 earnem

223 1213 320 1269 elamat
331 1224 433 1281 passer,
442 1217 575 1281 praecepta
584 1207 629 1262 bei
638 1221 689 1260 non
701 1209 781 1267 tacet,
791 1214 843 1256 nee
852 1198 881 1252 stt
889 1195 1015 1260 carnalis,

224 1312 254 1358 ut
265 1303 420 1375 subjiciatur
432 1309 513 1357 tecto.
536 1299 587 1367 Qui
599 1298 669 1354 eninr
681 1297 709 1350 r'n
719 1303 781 1350 tecto
792 1300 838 1358 est,
852 1305 902 1345 nen
912 1289 1016 1344 deseca·

226 1395 271 1450 dat
282 1397 370 1451 tollere
378 1393 476 1465 aliguid
492 1392 607 1448 dedomo
618 1388 723 1460 (blattis
733 1381 879 1456 xxiv,l'l);
891 1389 928 1448 et,
943 1379 1017 1447 Quod

223 1489 251 1543 lrr
266 1505 328 1543 aure
341 1489 445 1554 auditis,
459 1485 595 1558 predicate
606 1499 682 1554 super
694 1491 759 1536 tecta
771 1476 827 1550 (ld.
842 1493 870 1542 x,
885 1473 941 1549 27).
958 1473 1018 1528 istac

225 1590 357 1637 tessares
370 1589 398 1636 ει
420 1580 469 1635 tria
487 1579 563 1644 loea;
583 1585 610 1632 et
629 1589 700 1631 unus
720 1573 802 1628 bomo
816 1568 1021 1642 potestbabere

224 1687 369 1744 personam
382 1671 461 1727 trium
475 1670 575 1734 auium,
590 1677 618 1724 et
631 1675 687 1723 tres
698 1664 823 1722 botnincs
837 1671 950 1733 possunt
967 1660 1016 1715 ba-

226 1764 293 1820 bere
305 1777 447 1836 personam
457 1763 538 1818 trium
548 1759 652 1828 auium;
663 1767 691 1815 et
702 1758 751 1814 tria
764 1770 863 1828 genera
879 1755 1015 1820 locorum,

227 1855 280 1911 tria
302 1869 401 1926 genera
423 1853 508 1910 ειιηι1
524 1851 663 1908 bominum
679 1866 687 1906 :
702 1858 792 1904 tamen
814 1843 950 1911 solitudo,
972 1857 1018 1914 pa-

225 1943 339 2010 rictioae,
349 1953 379 2000 et
387 1954 495 2012 tectum,
507 1943 614 2000 nonnisi
626 1943 676 1997 tria
687 1954 786 2012 genera
795 1938 934 1995 bominum
944 1944 1016 1992 sunt.

262 2035 291 2090 8.
310 2033 364 2090 Sed
383 2033 445 2105 quitl
466 2033 500 2088 de
520 2031 563 2088 bis
582 2030 750 2105 plurimum‘.l
768 2029 856 2100 lpsum
878 2027 1019 2082 bontiuum

211 2128 377 2192 'uideamus
392 2141 427 2182 ne
439 2125 508 2182 lorte
522 2126 579 2196 ipse
592 2125 644 2192 sit,
660 2132 688 2180 et
706 2121 801 2178 melius
818 2122 876 2191 ipse
888 2133 1017 2191 agnosca-

226 2227 281 2288 tur,
295 2229 323 2276 et
337 2219 475 2291 pelicanus
487 2218 514 2272 in
527 2215 683 2284 solitudine,
694 2226 721 2270 et
731 2213 885 2287 nycticorax
896 2213 922 2267 in
933 2211 1018 2282 parie-

226 2311 305 2380 tinis,
318 2320 347 2368 ει
359 2325 452 2382 passer
464 2311 607 2383 singularis
628 2310 658 2365 in
673 2316 752 2366 tecto.
776 2307 852 2363 bieat
864 2305 942 2362 nobis
955 2319 1019 2374 pau·

154 2416 160 2420 ·
227 2413 277 2472 per
289 2401 350 2465 iste,
365 2409 446 2472 eaput
459 2408 595 2459 nostrum:
615 2413 718 2472 pauper
729 2399 879 2462 uoluntate,
894 2397 1019 2466 loquatur

226 2490 390 2566 pauperibus
408 2495 435 2549 in
457 2486 636 2551 necessitate.
651 2491 726 2561 Qttod
751 2491 823 2547 enirn
844 2489 962 2555 dieitur,
977 2486 1018 2542 rel

227 2585 309 2642 etiam
322 2582 419 2656 iegitur
429 2583 464 2641 de
477 2583 528 2642 bac
541 2599 606 2651 are,
619 2582 647 2638 id
661 2591 703 2639 εει
717 2580 848 2653 pelicano,
862 2593 916 2634 non
930 2587 1019 2635 tacea-

226 2689 305 2742 mus;
322 2690 376 2730 non
389 2674 488 2745 aliquid
505 2673 669 2729 affirmantes
680 2681 791 2739 tenuere,
803 2669 852 2727 scd
865 2677 1018 2726 tamennon

228 2774 349 2822 tacentes
366 2765 437 2837 quod
450 2766 495 2836 qui
509 2765 693 2836 seripserunt,
708 2775 736 2820 et
749 2762 800 2834 legi
820 2769 847 2818 et
859 2761 912 2817 dici
925 2761 1019 2816 uolue-

228 2863 302 2912 runt.
321 2854 377 2911 Vos
389 2856 429 2912 sie
442 2856 551 2924 audite,
567 2863 598 2911 ut
609 2855 633 2911 si
647 2869 740 2911 rerum
754 2861 815 2922 est,
831 2860 976 2924 congruat;
997 2852 1020 2906 si

228 2945 326 3006 bisam
340 2955 401 3016 est,
425 2963 479 3003 non
494 2956 593 3004 toneat.
607 2947 736 3003 Dicuntur
755 2947 797 3002 bae
810 2961 873 3002 arcs
894 2955 1020 3016 tanquam

229 3039 350 3112 colaphis
364 3050 514 3097 rostrorum
526 3039 650 3098 occidere
663 3040 788 3111 patruos
800 3053 880 3104 suos,
894 3037 1020 3094 eosdem·

228 3145 281 3201 que
294 3130 322 3186 in
343 3130 408 3187 nido
427 3132 563 3188 occisosa
582 3147 612 3188 se
632 3131 725 3202 lugere
745 3145 794 3202 per
814 3128 931 3185 triduum
947 3146 955 3184 ε
970 3143 1019 3199 po·
1044 3194 1048 3203 Ι

229 3232 332 3278 stremo
345 3222 440 3279 dicunt
450 3231 562 3278 matrem
582 3222 698 3294 seipsam
711 3222 828 3293 graviter
839 3220 981 3276 uulnerare
993 3227 1021 3275 ει

232 3311 389 3382 sangninem
403 3327 481 3367 suum
492 3327 572 3382 super
586 3312 656 3368 tilios
669 3309 791 3378 sundere,
806 3327 860 3383 quo
873 3310 910 3366 illi
924 3325 1020 3380 super-

228 3397 280 3455 fusi
302 3401 466 3457 reviviscunt
480 3403 501 3455 ¹.
517 3401 644 3458 Fortasse
656 3401 709 3457 boc
720 3416 824 3468 rerum,
837 3401 952 3457 lortasse
969 3401 1020 3456 lal-

231 3492 356 3548 sumsit:
370 3501 460 3548 marea
474 3494 496 3546 si
509 3507 601 3550 uerum
615 3502 667 3561 est,
676 3492 899 3564 quemadmodum
910 3493 947 3548 illi
956 3508 1022 3548 eon-

228 3589 318 3654 gruat,
331 3583 376 3652 qui
389 3597 440 3638 nos
452 3581 594 3639 siuillcavit
607 3583 735 3653 sanguine
748 3597 797 3639 suo
809 3622 817 3649 ‚
830 3582 929 3638 ridete.
950 3581 1022 3638 Con·

231 3675 304 3745 grait
317 3675 356 3731 illi
373 3673 444 3746 guod
465 3675 559 3730 matris
574 3689 639 3730 earo
651 3675 769 3730 titilleat
784 3674 914 3746 sanguine
926 3688 975 3729 suo
990 3674 1022 3728 ti·

231 3767 284 3824 lios
301 3783 381 3837 suos;
403 3768 469 3824 satis
489 3769 620 3840 congruit.
643 3767 710 3824 llam
723 3775 752 3824 et
772 3767 830 3838 ipse
847 3767 972 3839 gallinam
992 3781 1022 3824 se

230 3859 297 3917 dicit
316 3876 397 3933 supet·
409 3862 496 3933 pullos
513 3875 577 3918 suos
592 3881 599 3919 :
614 3859 766 3930 Jerusalem,
781 3857 943 3928 Imusalem,
956 3869 1034 3931 guo-‘

232 3955 279 4010 ties
291 3955 359 4010 uolui
370 3971 523 4028 congregare
533 3955 600 4026 filios
612 3964 678 4020 tuor,
694 3962 814 4025 tmguarn
825 3953 924 4026 gallina
936 3953 1021 4024 pullos

231 4059 292 4100 tuot
304 4045 350 4100 sub
360 4043 416 4102 aias
428 4061 504 4115 suar,
519 4055 543 4100 et
561 4045 665 4100 noluisti
676 4043 732 4117 (ld.
747 4059 830 4112 xxttt,
849 4044 917 4115 37)i
937 4041 1023 4098 liabct

232 4139 305 4193 enirn
326 4145 465 4210 paternam
478 4138 680 4202 auctoritatem,
701 4146 853 4193 maternum
872 4135 1020 4191 allectum:

232 4229 303 4285 sicut
324 4236 353 4284 et
376 4229 474 4285 Paulus
497 4237 525 4285 ει
548 4239 624 4298 pater
637 4237 719 4285 est-et
731 4238 816 4285 mater
836 4237 893 4295 est;
905 4242 959 4283 non
974 4243 1023 4298 per

231 4319 371 4388 seipsum,
400 4318 447 4373 sed
468 4333 517 4389 per
540 4317 714 4390 Euangeliurn
741 4336 749 4372 ε
772 4326 849 4389 pater
871 4317 917 4373 ubi
938 4315 1021 4383 dicit,

236 4426 248 4460 t
264 4408 321 4463 Etsi
330 4407 450 4465 babeatis
460 4407 558 4463 multos
569 4409 728 4480 pedagogos
739 4407 765 4462 in
776 4407 893 4471 Christo,
907 4406 955 4462 scd
969 4421 1021 4461 non

233 4501 332 4557 multos
347 4508 450 4573 patres;
465 4501 493 4556 in
506 4499 613 4556 Christo
627 4501 698 4557 enim
711 4501 774 4556 lesu
787 4515 835 4570 per
847 4498 1022 4570 Evangelium

232 4609 284 4666 ego
303 4609 352 4649 sos
373 4595 451 4665 genui
470 4615 480 4648 r
505 4591 527 4664 (l
544 4591 605 4650 Cor.
619 4609 665 4661 tr,
681 4592 743 4666 ts);
762 4599 849 4647 ntater
869 4601 957 4647 autem
978 4591 1023 4647 ubi

233 4688 281 4756 ait,
298 4706 308 4738 t
323 4686 411 4742 Filioli
423 4685 486 4755 mei,
499 4701 567 4758 quos
588 4685 684 4742 iterum
706 4685 836 4758 parturio,
850 4683 1025 4763 doneerri·

233 4787 291 4834 stus
311 4779 440 4834 formetur
459 4777 485 4832 in
498 4776 574 4833 tobis
588 4795 598 4830 ι
611 4775 706 4849 (Galat.
721 4793 747 4832 ιι
758 4819 765 4841 ,
775 4776 832 4848 19).
854 4776 940 4834 ilabel
959 4791 1024 4847 ergo

232 4869 292 4928 bec
311 4870 371 4925 atis
384 4911 402 4952 ,x
417 4869 440 4925 si
462 4885 525 4925 ιειε
545 4871 581 4924 ita
604 4878 655 4936 est,
675 4884 799 4940 magnam
820 4868 1023 4924 similitudinem

232 4961 323 5018 carnis
338 4959 456 5027 Christi,
470 4960 688 5031 eujussanguiuo
705 4959 832 5015 vit-tuenti
851 4974 953 5015 sumus.
969 4959 1024 5016 Sed

234 5051 369 5122 quomodo
381 5061 511 5122 congruat
524 5049 651 5118 Christo,
673 5049 746 5122 quod
764 5050 820 5120 ipsa
839 5051 937 5107 oceidit
954 5050 1025 5116 lilios

232 5142 318 5209 snos?
329 5143 369 5197 lin
385 5155 411 5198 et
425 5141 462 5196 illi
476 5157 530 5198 rton
539 5142 661 5213 congruit
674 5159 681 5196 ι
693 5139 749 5214 Ego
761 5143 884 5210 occidam,
898 5152 922 5198 et
935 5159 981 5213 ego
991 5143 1025 5196 oi·

234 5232 403 5305 sificabmego
414 5234 562 5304 percutiant,
573 5242 596 5288 ει
604 5248 649 5304 ego
658 5233 752 5288 sanabo
763 5230 852 5306 (Daui.
864 5248 954 5298 xxxn,
966 5233 1025 5300 bbli

233 5323 276 5379 Aa
290 5338 353 5378 uero
367 5323 462 5379 Saulus
480 5333 634 5396 persecutor
646 5332 815 5389 moreretur,
835 5323 885 5378 nisi
908 5322 943 5378 de
956 5325 1025 5380 coelo

235 5419 418 5483 percuteretur
432 5413 499 5484 (Aet.
511 5432 549 5485 rx,
563 5417 611 5487 l);
625 5424 671 5472 aut
682 5415 840 5487 predicator
852 5413 1023 5485 excitaretur,

234 5503 286 5560 taisi
306 5503 377 5560 illius
395 5507 523 5576 sanguine
542 5507 745 5564 vivificaretur?
765 5505 817 5564 Sed
838 5507 890 5563 boc
909 5506 1026 5564 uiderint

234 5681 288 5792 mtu
293 5675 387 5739 tbguot
401 5684 455 5728 uss.
467 5679 581 5732 omittunt
591 5681 644 5732 bec
654 5683 739 5744 verba,
752 5681 865 5749 loconon,
878 5683 926 5736 tritt
936 5695 1025 5750 genera

266 5774 414 5866 *usmeta
425 5799 461 5853 iili
471 5801 752 5869 sunrtusorentrlscwu.
858 5825 861 5830 ·

839 349 868 405 S.
887 341 1068 403 sudbsttut
1087 339 1239 400 autmari

1073 456 1119 526 qui
1137 457 1317 530 scripserunt;
1333 449 1387 517 non
1406 449 1548 518 iu·ineerto
1563 450 1726 521 intellectum
1743 475 1866 524 nostrum

1073 551 1235 610 constituere
1254 567 1304 610 nos
1321 553 1460 612 debemus.
1477 556 1550 614 ilatrc
1563 571 1639 614 arent
1653 560 1742 630 potius
1756 561 1783 617 in
1802 561 1868 618 soli·

1072 642 1164 699 tudine
1183 657 1374 714 agnoscamus;
1397 645 1448 703 boc
1466 647 1538 702 enim
1558 647 1620 704 inde
1640 648 1762 704 Psalmus
1781 651 1868 714 uoluit

1070 748 1183 804 ponere,
1198 733 1334 792 Palicanus
1347 737 1375 792 in
1389 738 1535 794 solitudine.
1550 737 1618 795 Puto
1629 755 1679 809 ego
1695 739 1738 796 lrie
1753 741 1869 815 intelligi

1072 825 1207 882 Christum
1220 835 1312 884 natum
1324 827 1357 885 de
1365 829 1478 900 uirgine.
1489 828 1567 886 Solus
1579 833 1651 888 enim
1663 833 1712 902 sic,
1726 832 1787 889 ideo
1799 833 1867 888 soli-

1072 919 1137 975 tudo
1152 937 1160 974 :
1175 920 1202 976 in
1215 921 1358 980 solitudine
1372 931 1469 994 natus,
1488 924 1550 996 guia
1564 925 1638 982 solus
1650 924 1686 981 ita
1699 935 1787 982 natus.
1802 927 1868 983 Post

1071 1011 1236 1068 nativitatem
1252 1023 1361 1070 ventum
1376 1013 1463 1071 estad
1476 1015 1626 1086 passionem
1644 1034 1651 1072 ι
1665 1015 1790 1087 aquibus
1805 1033 1868 1073 cru·

1071 1105 1246 1177 eligebatur?
1258 1106 1386 1180 numquid
1398 1107 1432 1164 ab
1445 1106 1596 1164 stantibust
1609 1108 1736 1179 numquid
1746 1123 1761 1163 a
1773 1109 1869 1181 lugen-

1072 1196 1144 1253 tibus
1156 1196 1188 1252 ²?
1201 1197 1272 1268 Ergo
1287 1206 1411 1270 tanquam
1424 1199 1451 1253 in
1465 1206 1545 1254 noete
1557 1199 1713 1271 ignorantiae
1725 1201 1864 1271 ipsorum,

1073 1297 1099 1345 et
1113 1297 1237 1360 tangttam
1252 1291 1278 1346 in
1294 1291 1431 1362 parietinis
1445 1292 1529 1354 ruinae
1548 1292 1678 1363 ipsorum.
1693 1291 1763 1350 Eece
1777 1293 1866 1370 nycti-

1072 1395 1151 1437 corax
1168 1392 1195 1438 et
1208 1381 1235 1438 in
1249 1383 1404 1452 parietinis,
1422 1391 1494 1439 amat
1513 1393 1541 1439 ει
1561 1392 1668 1440 noctem
1684 1383 1705 1438 ¹.
1725 1385 1792 1441 Nam
1814 1387 1866 1441 nisi

1072 1481 1185 1540 amaret,
1200 1473 1270 1529 unde
1283 1473 1400 1543 diceret,
1417 1471 1513 1542 Pater,
1528 1475 1630 1548 ignosce
1647 1476 1716 1543 illis,
1739 1476 1800 1548 guia
1821 1493 1868 1531 ne-

1068 1563 1154 1620 'sciunt
1168 1566 1229 1636 guid
1242 1567 1339 1639 iaciunt
1350 1566 1423 1640 (buc.
1443 1583 1509 1623 xtut
1522 1608 1529 1632 ,
1544 1567 1612 1636 stit
1628 1567 1727 1624 Deinde
1741 1576 1819 1622 natus
1839 1567 1867 1623 in

1072 1656 1243 1740 solitudine,
1258 1659 1319 1729 quia
1334 1658 1407 1715 solus
1422 1659 1457 1714 ita
1473 1667 1566 1727 natus;
1589 1673 1682 1730 passus
1700 1659 1726 1714 in
1747 1658 1867 1716 tenebris

1070 1751 1224 1810 ludaeorum
1240 1762 1364 1826 tanquam
1378 1753 1405 1810 in
1420 1763 1510 1820 nocte,
1525 1753 1551 1809 in
1567 1754 1784 1824 prevaricatione
1804 1761 1867 1808 tatt-

1072 1859 1151 1916 quam
1166 1845 1192 1902 in
1205 1845 1290 1902 ruinis
1305 1865 1313 1902 :
1327 1846 1390 1918 quid
1404 1847 1519 1916 posteal
1538 1844 1655 1920 Vigilani.
1669 1845 1738 1918 Ergo
1748 1845 1868 1904 dormie-

1072 1953 1117 1994 ras
1129 1939 1157 1994 in
1170 1938 1322 2008 parietinis,
1336 1948 1363 1994 et
1376 1937 1483 1995 dixeras
1498 1957 1504 1994 :
1520 1937 1575 2010 Ego
1588 1937 1704 1994 dormiri.
1718 1937 1788 2009 Quid
1802 1948 1866 2007 εει,

1071 2028 1129 2103 Ego
1148 2031 1255 2086 dormiri
1265 2033 1277 2088 i
1289 2031 1358 2101 Qttia
1375 2031 1465 2098 uolui,
1480 2031 1613 2099 dormiri;
1628 2042 1734 2089 noctem
1751 2033 1868 2090 amando

1072 2121 1185 2178 dormiri
1200 2139 1207 2176 ε
1221 2121 1269 2179 sed
1282 2123 1317 2180 ibi
1331 2123 1461 2196 sequitur,
1474 2121 1511 2178 Et
1527 2123 1656 2180 aasumensi
1668 2121 1754 2198 (Ptol.
1768 2139 1808 2192 nt,
1824 2123 1866 2198 bb

1072 2211 1144 2284 Ergo
1157 2213 1220 2283 bic,
1237 2212 1356 2286 Vigilaui.
1380 2213 1433 2270 Sed
1451 2223 1626 2286 posteaquam
1646 2215 1782 2286 uigilauit,
1802 2215 1867 2286 quid

1071 2306 1144 2376 egitl
1154 2305 1282 2362 Ascendit
1290 2307 1318 2362 in
1332 2305 1440 2376 coelura,
1457 2305 1541 2364 lactus
1551 2317 1592 2362 est
1603 2307 1667 2363 sieut
1677 2324 1764 2380 passer
1774 2309 1867 2364 uolan-

1072 2395 1126 2463 do,
1142 2397 1170 2454 id
1184 2407 1225 2454 εει
1237 2397 1408 2454 ascendendo
1423 2398 1581 2470 :singularis
1597 2399 1626 2452 itt
1644 2407 1726 2465 tecto,
1743 2398 1769 2453 id
1783 2406 1826 2455 est
1838 2399 1867 2454 in

1072 2489 1152 2545 coelo.
1165 2488 1234 2560 Ergo
1246 2489 1380 2558 pelicanus
1392 2489 1537 2555 nascendo,
1549 2489 1703 2561 nycticorax
1713 2489 1866 2560 moriendo,

1073 2594 1166 2650 passer
1179 2579 1343 2652 resurgendo
1358 2596 1365 2636 :
1380 2579 1415 2637 ibi
1431 2579 1457 2634 in
1470 2579 1622 2647 solitudine,
1634 2578 1807 2647 salutemus,
1823 2578 1867 2636 bic

1074 2671 1102 2726 in
1114 2670 1262 2741 parietinis,
1277 2673 1348 2727 velut
1361 2671 1395 2726 ab
1407 2672 1447 2727 eis
1462 2673 1585 2741 occisus,
1606 2671 1651 2742 qui
1666 2680 1737 2728 stare
1749 2686 1802 2727 non
1818 2685 1869 2742 po-

1074 2769 1183 2817 tuerunt
1197 2762 1224 2816 in
1236 2761 1367 2828 aedilicio,
1388 2761 1574 2833 bieverojam
1594 2763 1706 2834 uigilans
1726 2757 1869 2820 attolens

1074 2853 1215 2924 singularis
1231 2854 1257 2908 in
1274 2861 1363 2918 tecto,
1385 2851 1422 2911 ibi
1442 2853 1595 2924 interpellat
1614 2869 1663 2926 pro
1684 2853 1760 2911 nobis
1776 2839 1866 2926 (Rom.

1071 2939 1132 3011 but,
1147 2943 1204 3012 51).
1219 2939 1305 3014 Caput
1317 2943 1387 2998 enim
1408 2954 1529 3000 nostrum
1543 2958 1636 3016 passer
1650 2951 1708 3009 est,
1722 2957 1819 3021 corpus
1832 2943 1866 3000 il·

1075 3034 1126 3092 lius
1141 3043 1238 3090 turtur.
1255 3035 1356 3090 Etenim
1371 3053 1458 3106 paster
1471 3035 1565 3090 inuenit
1584 3036 1632 3090 sibi
1652 3035 1763 3089 domum.
1778 3033 1869 3104 Quam

1073 3125 1203 3182 domum?
1217 3125 1245 3183 ln
1259 3127 1328 3184 caelo
1342 3136 1392 3194 est,
1407 3127 1559 3198 interpellat
1571 3142 1620 3200 pro
1633 3127 1720 3184 nobis.
1736 3126 1770 3182 Ει
1784 3135 1870 3184 turtur

1073 3220 1162 3276 nidum
1183 3219 1241 3288 sibi,
1268 3219 1388 3275 Ecclesia
1416 3219 1463 3275 lici
1490 3219 1581 3276 nidum
1608 3219 1641 3276 de
1677 3220 1755 3292 lignis
1778 3221 1871 3276 crucis
1954 3251 1957 3256 -

1074 3315 1177 3386 ipsius;
1191 3313 1234 3368 ubi
1247 3321 1324 3384 ponat
1336 3312 1420 3385 pullos
1431 3327 1489 3367 suos
1503 3310 1585 3382 (Ptol.
1607 3326 1729 3378 cxxxttt,
1743 3311 1789 3376 tl.
1804 3325 1868 3382 par.

1074 3405 1151 3460 tulos
1164 3419 1237 3460 suos.
1259 3402 1382 3476 Vigilaui,
1396 3410 1420 3458 ct
1437 3406 1521 3475 suctus
1533 3419 1589 3457 surn
1604 3401 1667 3457 sicut
1682 3418 1768 3474 passer
1779 3402 1871 3473 siugu-

1074 3498 1136 3552 luris
1150 3497 1177 3550 t'n
1190 3505 1264 3550 tecto.

1110 3587 1135 3644 9.
1150 3585 1227 3662 [rere.
1239 3585 1279 3660 9.]
1293 3585 1357 3640 Tota
1369 3583 1603 3656 dieeaprobralmat
1618 3585 1680 3639 nubi
1692 3585 1789 3640 inimici
1801 3585 1869 3652 snei,

1074 3689 1099 3734 et
1110 3679 1152 3748 gui
1165 3677 1302 3733 laudabant
1316 3693 1366 3743 rue,
1377 3676 1497 3730 aduersus
1515 3693 1555 3730 ore
1561 3674 1693 3748 jurabant.
1709 3675 1761 3732 Orc
1775 3675 1869 3730 lauda·

1074 3769 1149 3838 bant,
1165 3768 1246 3825 eorde
1257 3767 1368 3825 insidias
1382 3767 1577 3840 praeparabant.
1592 3765 1661 3822 nudi
1674 3766 1778 3823 laudem
1792 3768 1868 3838 ipso·

1075 3878 1146 3920 ruat.
1156 3861 1289 3936 Magister,
1305 3864 1397 3918 sciurus
1416 3863 1475 3935 guia
1489 3863 1555 3916 uiam
1571 3860 1619 3914 llct'
1631 3861 1657 3915 in
1669 3861 1771 3928 tentate
1781 3861 1868 3926 doces,

1075 3965 1099 4026 ct
1121 3971 1256 4025 personant
1278 3970 1330 4009 aon
1352 3954 1468 4023 accipis:
1480 3953 1537 4007 licet
1550 3950 1671 4006 tributum
1695 3950 1756 4006 dare
1771 3947 1871 4005 Catari

1076 4045 1180 4121 (Μειιιι.
1204 4064 1269 4114 xxtt,
1295 4047 1429 4117 19,1“1)1
1455 4044 1540 4113 Quem
1562 4043 1676 4112 laudas,
1702 4042 1868 4116 supplantas.

1075 4140 1163 4210 Quare
1186 4139 1237 4194 nisi
1260 4139 1320 4210 quia
1339 4139 1381 4210 gui
1394 4137 1532 4192 lamabant
1543 4154 1598 4204 me,
1612 4137 1730 4192 aduersus
1745 4153 1784 4192 me
1791 4137 1871 4206 jura-

1076 4229 1157 4286 bant?
1169 4229 1245 4286 Unde
1257 4237 1346 4286 autem
1359 4229 1412 4285 boe
1424 4229 1606 4301 opprobrium,
1620 4229 1670 4284 nisi
1683 4229 1743 4298 guia
1756 4227 1816 4283 reni
1825 4225 1870 4282 ia·

1076 4337 1138 4377 core
1151 4320 1268 4376 membra
1284 4335 1342 4377 mea
1358 4331 1520 4390 peccatores,
1530 4329 1559 4376 ut
1568 4319 1672 4391 agendo
1685 4317 1870 4388 poenitentiarn

1076 4413 1131 4470 sint
1143 4412 1170 4470 in
1182 4427 1295 4484 corpore
1310 4411 1389 4468 meol
1408 4411 1471 4467 lude
1489 4419 1574 4466 toturn
1597 4407 1787 4480 opprobrium,
1805 4406 1871 4464 inde

1076 4507 1227 4578 persecutio
1242 4524 1248 4561 :
1265 4505 1349 4572 Quare
1367 4505 1485 4576 magister
1498 4511 1577 4559 uester
1591 4519 1649 4556 cunt
1663 4500 1834 4575 peccatoribus
1843 4511 1871 4556 et

1078 4597 1218 4669 publicanis
1237 4597 1392 4651 ntanduent?
1406 4595 1466 4651 Non
1479 4605 1515 4650 ast
1528 4611 1593 4666 opus
1605 4593 1673 4650 tanis
1683 4593 1803 4660 medicus,
1823 4593 1872 4649 reti

1076 4687 1256 4760 egrotantibus
1274 4687 1328 4760 (ld.
1347 4704 1384 4754 tx,
1400 4689 1431 4743 11
1442 4684 1527 4756 elli).
1538 4686 1646 4742 Utinam
1668 4702 1716 4743 uos
1737 4694 1882 4758 egrotare.

1077 4779 1203 4846 nossetis,
1219 4779 1392 4836 inmodicum
1407 4778 1575 4849 guaemretis3
1592 4793 1645 4833 non
1660 4777 1828 4847 occideretis,
1841 4788 1874 4834 et

1077 4889 1125 4946 per
1137 4872 1278 4944 superbam
1290 4871 1452 4928 dementiam
1467 4869 1531 4926 laiso
1546 4871 1659 4928 sanitate
1669 4870 1801 4942 periretis.

1114 4965 1158 5021 10.
1171 4963 1244 5038 [uera
1258 4961 1315 5036 tu.]
1330 4961 1397 5018 llibi
1415 4970 1503 5018 autem
1528 4961 1599 5017 unde
1613 4969 1665 5018 tota
1677 4962 1718 5017 die
1732 4962 1874 5034 exprobra·

1078 5057 1138 5112 barti
1151 5055 1247 5110 inimici
1258 5055 1325 5110 mei?
1336 5055 1407 5111 unde
1420 5053 1464 5126 gui
1477 5053 1614 5110 undabant
1629 5071 1683 5124 tate,
1698 5054 1817 5111 aduersus
1830 5072 1874 5111 rue

1073 5147 1216 5221 iurabant?
1227 5147 1353 5213 Quondam
1365 5147 1472 5202 cinerem
1482 5146 1546 5201 sicut
1556 5163 1646 5218 punem
1663 5147 1812 5202 rrrnnducatn'
1818 5187 1829 5214 ,
1844 5157 1874 5201 et

1078 5247 1165 5310 patum
1187 5253 1270 5292 nteuru
1287 5253 1343 5292 curn
1361 5237 1422 5306 lietu
1441 5235 1584 5292 miscebam.
1603 5235 1671 5306 Quia
1692 5239 1749 5293 lraec
1769 5252 1873 5310 genera

1077 5329 1217 5386 hominum
1231 5330 1329 5387 habere
1344 5327 1373 5384 in
1386 5329 1443 5385 suis
1458 5329 1586 5387 metubris
1603 5329 1721 5387 sananda
1741 5330 1823 5387 voluit
1842 5341 1876 5390 et

1077 5421 1223 5489 liberanda,
1248 5421 1312 5496 inde
1332 5421 1514 5494 opprobrium.
1539 5422 1677 5493 llodietpue
1702 5423 1874 5496 Paganorunr

1078 5514 1251 5588 opprobrium
1263 5514 1342 5585 quale
1356 5513 1382 5569 in
1396 5529 1447 5570 nos
1462 5515 1522 5571 est?
1537 5514 1599 5586 quid
1622 5517 1738 5587 putatis,
1762 5515 1874 5590 iratres,

1077 5609 1140 5680 quid
1154 5620 1201 5662 eos
1211 5606 1310 5677 putatis
1321 5605 1411 5662 dicere
1427 5605 1524 5661 nobisl
1534 5605 1588 5663 los
1601 5609 1773 5680 corrumpitis
1787 5609 1876 5666 disci·.

1109 5746 1117 5776 ¹
1135 5749 1200 5793 unus
1208 5749 1261 5802 its,
1270 5740 1436 5794 είειίεειίίιιε.
1448 5747 1518 5792 rorte
1528 5739 1591 5804 leg,
1602 5739 1633 5791 ab
1644 5739 1839 5808 inubigerrtibus.

1109 5808 1120 5839 ¹
1136 5803 1232 5874 augum
1239 5811 1304 5869 tiss,
1314 5810 1338 5857 et
1348 5801 1504 5870 inpendunt
1514 5809 1622 5868 mrumst
1632 5803 1745 5856 inuecta
