<?xml version="1.0" encoding="UTF-8"?>
<!DOCTYPE html PUBLIC "-//W3C//DTD XHTML 1.0 Transitional//EN"
    "http://www.w3.org/TR/xhtml1/DTD/xhtml1-transitional.dtd">
<html xmlns="http://www.w3.org/1999/xhtml" xml:lang="en" lang="en">
 <head>
  <title>
</title>
<meta http-equiv="Content-Type" content="text/html;charset=utf-8" />
  <meta name='ocr-system' content='tesseract 3.04.00' />
  <meta name='ocr-capabilities' content='ocr_page ocr_carea ocr_par ocr_line ocrx_word'/>
</head>
<body>
  <div class='ocr_page' id='page_1' title='image "./patrologiaecurs234unkngoog/patrologiaecurs234unkngoog_0362.png"; bbox 0 0 4084 6367; ppageno 0'>
   <div class='ocr_carea' id='block_1_1' title="bbox 247 276 318 337">
    <p class='ocr_par' dir='ltr' id='par_1_1' title="bbox 247 276 318 337">
     <span class='ocr_line' id='line_1_1' title="bbox 247 276 318 337; baseline 0.042 -3"><span class='ocrx_word' id='word_1_1' title='bbox 247 276 318 337; x_wconf 69' lang='grc'><strong>1780</strong></span> 
     </span>
    </p>
   </div>
   <div class='ocr_carea' id='block_1_2' title="bbox 831 271 1234 335">
    <p class='ocr_par' dir='ltr' id='par_1_2' title="bbox 831 271 1234 335">
     <span class='ocr_line' id='line_1_2' title="bbox 831 271 1234 335; baseline -0.01 -4"><span class='ocrx_word' id='word_1_2' title='bbox 831 274 863 331; x_wconf 83' lang='lat' dir='ltr'><strong>S.</strong></span> <span class='ocrx_word' id='word_1_3' title='bbox 882 272 1065 335; x_wconf 79' lang='lat' dir='ltr'><strong>tocusttttt</strong></span> <span class='ocrx_word' id='word_1_4' title='bbox 1085 271 1234 332; x_wconf 78' lang='lat' dir='ltr'><strong>ootstort</strong></span> 
     </span>
    </p>
   </div>
   <div class='ocr_carea' id='block_1_3' title="bbox 1810 266 1883 325">
    <p class='ocr_par' dir='ltr' id='par_1_3' title="bbox 1810 266 1883 325">
     <span class='ocr_line' id='line_1_3' title="bbox 1810 266 1883 325; baseline 0 -1"><span class='ocrx_word' id='word_1_5' title='bbox 1810 266 1883 325; x_wconf 81' lang='lat' dir='ltr'><strong>ttto</strong></span> 
     </span>
    </p>
   </div>
   <div class='ocr_carea' id='block_1_4' title="bbox 234 380 1882 480">
    <p class='ocr_par' dir='ltr' id='par_1_4' title="bbox 234 380 1882 480">
     <span class='ocr_line' id='line_1_4' title="bbox 234 380 1882 480; baseline -0.006 -31"><span class='ocrx_word' id='word_1_6' title='bbox 234 392 366 480; x_wconf 62' lang='lat' dir='ltr'><strong>‚minum</strong></span> <span class='ocrx_word' id='word_1_7' title='bbox 386 399 486 463; x_wconf 76' lang='lat' dir='ltr'><strong>punto</strong></span> <span class='ocrx_word' id='word_1_8' title='bbox 508 389 591 459; x_wconf 79' lang='lat' dir='ltr'><strong>inagis</strong></span> <span class='ocrx_word' id='word_1_9' title='bbox 614 388 671 458; x_wconf 87' lang='lat' dir='ltr'><strong>ipse</strong></span> <span class='ocrx_word' id='word_1_10' title='bbox 702 388 926 443; x_wconf 81' lang='lat' dir='ltr'><strong>incommutabilis</strong></span> <span class='ocrx_word' id='word_1_11' title='bbox 953 403 1035 458; x_wconf 85' lang='lat' dir='ltr'><strong>saper</strong></span> <span class='ocrx_word' id='word_1_12' title='bbox 1127 388 1153 443; x_wconf 77' lang='lat'><strong>5.</strong></span> <span class='ocrx_word' id='word_1_13' title='bbox 1167 386 1252 461; x_wconf 75' lang='lat' dir='ltr'><strong>[aaa.</strong></span> <span class='ocrx_word' id='word_1_14' title='bbox 1275 384 1323 461; x_wconf 73' lang='grc' dir='ltr'><strong>ὅ.)</strong></span> <span class='ocrx_word' id='word_1_15' title='bbox 1338 384 1406 455; x_wconf 77' lang='lat' dir='ltr'><strong>outo</strong></span> <span class='ocrx_word' id='word_1_16' title='bbox 1427 384 1545 441; x_wconf 87' lang='lat' dir='ltr'><strong>dicturus</strong></span> <span class='ocrx_word' id='word_1_17' title='bbox 1566 398 1624 439; x_wconf 85' lang='lat' dir='ltr'><strong>suar</strong></span> <span class='ocrx_word' id='word_1_18' title='bbox 1639 397 1723 455; x_wconf 88' lang='lat' dir='ltr'><strong>quare</strong></span> <span class='ocrx_word' id='word_1_19' title='bbox 1740 380 1882 441; x_wconf 78' lang='lat' dir='ltr'><strong>laudetis!</strong></span> 
     </span>
    </p>
   </div>
   <div class='ocr_carea' id='block_1_5' title="bbox 163 480 1036 5494">
    <p class='ocr_par' dir='ltr' id='par_1_5' title="bbox 233 480 1036 1284">
     <span class='ocr_line' id='line_1_5' title="bbox 233 480 1035 554; baseline -0.005 -13"><span class='ocrx_word' id='word_1_20' title='bbox 233 485 335 541; x_wconf 79' lang='lat' dir='ltr'><strong>&#39;omnia</strong></span> <span class='ocrx_word' id='word_1_21' title='bbox 349 484 393 554; x_wconf 90' lang='lat' dir='ltr'><strong>qui</strong></span> <span class='ocrx_word' id='word_1_22' title='bbox 415 483 472 539; x_wconf 82' lang='lat' dir='ltr'><strong>haec</strong></span> <span class='ocrx_word' id='word_1_23' title='bbox 483 482 570 547; x_wconf 71' lang='lat' dir='ltr'><strong>dulcet,</strong></span> <span class='ocrx_word' id='word_1_24' title='bbox 586 497 640 536; x_wconf 91' lang='lat' dir='ltr'><strong>non</strong></span> <span class='ocrx_word' id='word_1_25' title='bbox 660 482 751 553; x_wconf 88' lang='lat' dir='ltr'><strong>utique</strong></span> <span class='ocrx_word' id='word_1_26' title='bbox 768 481 853 553; x_wconf 73' lang='lat' dir='ltr'><strong>naajor</strong></span> <span class='ocrx_word' id='word_1_27' title='bbox 867 482 898 537; x_wconf 88' lang='lat' dir='ltr'><strong>tit</strong></span> <span class='ocrx_word' id='word_1_28' title='bbox 909 483 930 537; x_wconf 86' lang='lat' dir='ltr'><strong>si</strong></span> <span class='ocrx_word' id='word_1_29' title='bbox 945 480 1035 537; x_wconf 86' lang='lat' dir='ltr'><strong>lauda·</strong></span> 
     </span>
     <span class='ocr_line' id='line_1_6' title="bbox 248 572 1036 645; baseline -0.005 -12"><span class='ocrx_word' id='word_1_30' title='bbox 248 577 328 645; x_wconf 87' lang='lat' dir='ltr'><strong>reris,</strong></span> <span class='ocrx_word' id='word_1_31' title='bbox 340 589 389 631; x_wconf 86' lang='lat' dir='ltr'><strong>nee</strong></span> <span class='ocrx_word' id='word_1_32' title='bbox 398 574 485 629; x_wconf 89' lang='lat' dir='ltr'><strong>minor</strong></span> <span class='ocrx_word' id='word_1_33' title='bbox 495 573 518 628; x_wconf 89' lang='lat' dir='ltr'><strong>si</strong></span> <span class='ocrx_word' id='word_1_34' title='bbox 531 573 744 645; x_wconf 73' lang='lat' dir='ltr'><strong>vituperaveris?</strong></span> <span class='ocrx_word' id='word_1_35' title='bbox 758 572 947 643; x_wconf 75' lang='lat' dir='ltr'><strong>sedquoniam</strong></span> <span class='ocrx_word' id='word_1_36' title='bbox 958 573 1036 629; x_wconf 88' lang='lat' dir='ltr'><strong>nobis</strong></span> 
     </span>
     <span class='ocr_line' id='line_1_7' title="bbox 244 666 1036 740; baseline -0.009 -14"><span class='ocrx_word' id='word_1_37' title='bbox 244 667 353 740; x_wconf 76' lang='lat' dir='ltr'><strong>expedit</strong></span> <span class='ocrx_word' id='word_1_38' title='bbox 373 666 481 723; x_wconf 88' lang='lat' dir='ltr'><strong>laudare</strong></span> <span class='ocrx_word' id='word_1_39' title='bbox 503 666 656 734; x_wconf 88' lang='lat' dir='ltr'><strong>Dominum,</strong></span> <span class='ocrx_word' id='word_1_40' title='bbox 681 666 888 723; x_wconf 77' lang='lat' dir='ltr'><strong>misericorditer</strong></span> <span class='ocrx_word' id='word_1_41' title='bbox 907 666 984 737; x_wconf 77' lang='lat' dir='ltr'><strong>jubet</strong></span> <span class='ocrx_word' id='word_1_42' title='bbox 1005 673 1036 719; x_wconf 92' lang='lat' dir='ltr'><strong>ut</strong></span> 
     </span>
     <span class='ocr_line' id='line_1_8' title="bbox 243 756 1035 829; baseline -0.008 -13"><span class='ocrx_word' id='word_1_43' title='bbox 243 760 381 817; x_wconf 75' lang='lat' dir='ltr'><strong>laudemus</strong></span> <span class='ocrx_word' id='word_1_44' title='bbox 393 772 463 825; x_wconf 82' lang='lat' dir='ltr'><strong>euna,</strong></span> <span class='ocrx_word' id='word_1_45' title='bbox 477 774 531 813; x_wconf 88' lang='lat' dir='ltr'><strong>non</strong></span> <span class='ocrx_word' id='word_1_46' title='bbox 543 766 707 829; x_wconf 75' lang='lat' dir='ltr'><strong>anogarrter.</strong></span> <span class='ocrx_word' id='word_1_47' title='bbox 721 758 868 813; x_wconf 79' lang='lat' dir='ltr'><strong>Audiamus</strong></span> <span class='ocrx_word' id='word_1_48' title='bbox 885 771 949 827; x_wconf 77' lang='lat' dir='ltr'><strong>erqo</strong></span> <span class='ocrx_word' id='word_1_49' title='bbox 962 756 1035 828; x_wconf 92' lang='lat' dir='ltr'><strong>quad</strong></span> 
     </span>
     <span class='ocr_line' id='line_1_9' title="bbox 243 846 1034 917; baseline -0.01 -9"><span class='ocrx_word' id='word_1_50' title='bbox 243 852 308 909; x_wconf 86' lang='lat' dir='ltr'><strong>dicit</strong></span> <span class='ocrx_word' id='word_1_51' title='bbox 323 868 330 905; x_wconf 79' lang='grc' dir='ltr'><strong>ι</strong></span> <span class='ocrx_word' id='word_1_52' title='bbox 344 847 461 908; x_wconf 73' lang='lat' dir='ltr'><strong>treme</strong></span> <span class='ocrx_word' id='word_1_53' title='bbox 478 866 568 905; x_wconf 85' lang='lat' dir='ltr'><strong>namen</strong></span> <span class='ocrx_word' id='word_1_54' title='bbox 589 848 702 917; x_wconf 86' lang='lat' dir='ltr'><strong>Danaiai,</strong></span> <span class='ocrx_word' id='word_1_55' title='bbox 718 849 831 915; x_wconf 72' lang='grc' dir='ltr'>ιειιάειε,</span> <span class='ocrx_word' id='word_1_56' title='bbox 846 850 921 913; x_wconf 72' lang='lat' dir='ltr'><strong>mari,</strong></span> <span class='ocrx_word' id='word_1_57' title='bbox 942 846 1034 901; x_wconf 85' lang='lat' dir='ltr'><strong>Domi·</strong></span> 
     </span>
     <span class='ocr_line' id='line_1_10' title="bbox 243 939 1035 1015; baseline -0.008 -16"><span class='ocrx_word' id='word_1_58' title='bbox 243 961 314 999; x_wconf 82' lang='lat' dir='ltr'><strong>aem.</strong></span> <span class='ocrx_word' id='word_1_59' title='bbox 337 942 395 999; x_wconf 85' lang='lat' dir='ltr'><strong>Non</strong></span> <span class='ocrx_word' id='word_1_60' title='bbox 408 943 479 1002; x_wconf 87' lang='lat' dir='ltr'><strong>enim</strong></span> <span class='ocrx_word' id='word_1_61' title='bbox 492 941 591 1013; x_wconf 91' lang='lat' dir='ltr'><strong>aliquid</strong></span> <span class='ocrx_word' id='word_1_62' title='bbox 606 942 780 1015; x_wconf 68' lang='lat' dir='ltr'><strong>incongruum</strong></span> <span class='ocrx_word' id='word_1_63' title='bbox 794 941 889 1005; x_wconf 84' lang='lat' dir='ltr'><strong>tacitis,</strong></span> <span class='ocrx_word' id='word_1_64' title='bbox 902 939 1035 995; x_wconf 88' lang='lat' dir='ltr'><strong>laudando</strong></span> 
     </span>
     <span class='ocr_line' id='line_1_11' title="bbox 242 1020 1036 1105; baseline -0.011 -10"><span class='ocrx_word' id='word_1_65' title='bbox 242 1038 311 1095; x_wconf 84' lang='lat' dir='ltr'><strong>servi</strong></span> <span class='ocrx_word' id='word_1_66' title='bbox 324 1020 466 1094; x_wconf 84' lang='lat' dir='ltr'><strong>Dominum</strong></span> <span class='ocrx_word' id='word_1_67' title='bbox 481 1053 488 1091; x_wconf 92' lang='lat'><strong>:</strong></span> <span class='ocrx_word' id='word_1_68' title='bbox 504 1036 554 1093; x_wconf 91' lang='lat' dir='ltr'><strong>etsi</strong></span> <span class='ocrx_word' id='word_1_69' title='bbox 568 1050 675 1105; x_wconf 87' lang='lat' dir='ltr'><strong>semper</strong></span> <span class='ocrx_word' id='word_1_70' title='bbox 682 1032 867 1094; x_wconf 82' lang='lat' dir='ltr'><strong>tantummodo</strong></span> <span class='ocrx_word' id='word_1_71' title='bbox 878 1033 948 1088; x_wconf 86' lang='lat' dir='ltr'><strong>servi</strong></span> <span class='ocrx_word' id='word_1_72' title='bbox 961 1046 1036 1088; x_wconf 84' lang='lat' dir='ltr'><strong>esse·</strong></span> 
     </span>
     <span class='ocr_line' id='line_1_12' title="bbox 242 1110 1034 1198; baseline -0.009 -13"><span class='ocrx_word' id='word_1_73' title='bbox 242 1130 287 1198; x_wconf 88' lang='lat' dir='ltr'><strong>tis,</strong></span> <span class='ocrx_word' id='word_1_74' title='bbox 302 1128 436 1185; x_wconf 85' lang='lat' dir='ltr'><strong>deberetis</strong></span> <span class='ocrx_word' id='word_1_75' title='bbox 448 1127 556 1184; x_wconf 89' lang='lat' dir='ltr'><strong>laudare</strong></span> <span class='ocrx_word' id='word_1_76' title='bbox 569 1110 711 1183; x_wconf 86' lang='lat' dir='ltr'><strong>Dominum</strong></span> <span class='ocrx_word' id='word_1_77' title='bbox 723 1144 731 1193; x_wconf 89' lang='lat'><strong>;</strong></span> <span class='ocrx_word' id='word_1_78' title='bbox 745 1123 939 1197; x_wconf 77' lang='lat' dir='ltr'><strong>quantomagis</strong></span> <span class='ocrx_word' id='word_1_79' title='bbox 950 1124 1034 1179; x_wconf 85' lang='lat' dir='ltr'><strong>dene·</strong></span> 
     </span>
     <span class='ocr_line' id='line_1_13' title="bbox 242 1209 1035 1284; baseline -0.008 -9"><span class='ocrx_word' id='word_1_80' title='bbox 242 1222 275 1277; x_wconf 90' lang='lat' dir='ltr'><strong>tis</strong></span> <span class='ocrx_word' id='word_1_81' title='bbox 289 1220 397 1275; x_wconf 88' lang='lat' dir='ltr'><strong>laudare</strong></span> <span class='ocrx_word' id='word_1_82' title='bbox 411 1220 549 1274; x_wconf 89' lang='lat' dir='ltr'><strong>Dominum</strong></span> <span class='ocrx_word' id='word_1_83' title='bbox 564 1218 645 1284; x_wconf 86' lang='lat' dir='ltr'><strong>servi,</strong></span> <span class='ocrx_word' id='word_1_84' title='bbox 655 1226 684 1273; x_wconf 89' lang='lat' dir='ltr'><strong>ut</strong></span> <span class='ocrx_word' id='word_1_85' title='bbox 696 1231 756 1273; x_wconf 87' lang='lat' dir='ltr'><strong>esse</strong></span> <span class='ocrx_word' id='word_1_86' title='bbox 766 1213 920 1272; x_wconf 86' lang='lat' dir='ltr'><strong>mereamini</strong></span> <span class='ocrx_word' id='word_1_87' title='bbox 931 1223 960 1269; x_wconf 91' lang='lat' dir='ltr'><strong>et</strong></span> <span class='ocrx_word' id='word_1_88' title='bbox 971 1209 1035 1269; x_wconf 82' lang='lat' dir='ltr'><strong>filiii</strong></span> 
     </span>
    </p>

    <p class='ocr_par' dir='ltr' id='par_1_6' title="bbox 163 1307 1035 5494">
     <span class='ocr_line' id='line_1_14' title="bbox 276 1307 1034 1385; baseline -0.004 -20"><span class='ocrx_word' id='word_1_89' title='bbox 276 1310 304 1365; x_wconf 62' lang='grc' dir='ltr'><strong>ι.</strong></span> <span class='ocrx_word' id='word_1_90' title='bbox 318 1308 393 1384; x_wconf 75' lang='lat' dir='ltr'><strong>[aaa.</strong></span> <span class='ocrx_word' id='word_1_91' title='bbox 404 1309 445 1383; x_wconf 73' lang='lat'><strong>2]</strong></span> <span class='ocrx_word' id='word_1_92' title='bbox 458 1310 510 1365; x_wconf 88' lang='lat' dir='ltr'><strong>Sed</strong></span> <span class='ocrx_word' id='word_1_93' title='bbox 525 1310 650 1381; x_wconf 86' lang='lat' dir='ltr'><strong>quoniam</strong></span> <span class='ocrx_word' id='word_1_94' title='bbox 664 1310 792 1385; x_wconf 87' lang='lat' dir='ltr'><strong>scripturn</strong></span> <span class='ocrx_word' id='word_1_95' title='bbox 805 1317 846 1363; x_wconf 87' lang='lat' dir='ltr'><strong>est</strong></span> <span class='ocrx_word' id='word_1_96' title='bbox 856 1308 882 1362; x_wconf 91' lang='lat' dir='ltr'><strong>in</strong></span> <span class='ocrx_word' id='word_1_97' title='bbox 891 1308 944 1363; x_wconf 92' lang='lat' dir='ltr'><strong>alio</strong></span> <span class='ocrx_word' id='word_1_98' title='bbox 959 1307 1034 1378; x_wconf 92' lang='lat' dir='ltr'><strong>psai·</strong></span> 
     </span>
     <span class='ocr_line' id='line_1_15' title="bbox 241 1386 1034 1472; baseline -0.01 -12"><span class='ocrx_word' id='word_1_99' title='bbox 241 1415 296 1469; x_wconf 81' lang='lat' dir='ltr'><strong>mo,</strong></span> <span class='ocrx_word' id='word_1_100' title='bbox 319 1401 412 1457; x_wconf 83' lang='lat' dir='ltr'><strong>Rectus</strong></span> <span class='ocrx_word' id='word_1_101' title='bbox 433 1402 502 1456; x_wconf 82' lang='lat' dir='ltr'><strong>decet</strong></span> <span class='ocrx_word' id='word_1_102' title='bbox 523 1401 636 1456; x_wconf 85' lang='lat' dir='ltr'><strong>laudatio</strong></span> <span class='ocrx_word' id='word_1_103' title='bbox 650 1386 734 1472; x_wconf 72' lang='lat' dir='ltr'><strong>(raa.</strong></span> <span class='ocrx_word' id='word_1_104' title='bbox 751 1414 835 1466; x_wconf 79' lang='lat' dir='ltr'><strong>axau,</strong></span> <span class='ocrx_word' id='word_1_105' title='bbox 859 1398 885 1471; x_wconf 89' lang='lat' dir='ltr'><strong>l)</strong></span> <span class='ocrx_word' id='word_1_106' title='bbox 899 1414 907 1464; x_wconf 92' lang='lat'>;</span> <span class='ocrx_word' id='word_1_107' title='bbox 921 1406 948 1452; x_wconf 88' lang='grc' dir='ltr'><strong>ει</strong></span> <span class='ocrx_word' id='word_1_108' title='bbox 969 1397 1034 1453; x_wconf 91' lang='lat' dir='ltr'><strong>item</strong></span> 
     </span>
     <span class='ocr_line' id='line_1_16' title="bbox 240 1490 1034 1566; baseline -0.01 -16"><span class='ocrx_word' id='word_1_109' title='bbox 240 1494 304 1551; x_wconf 85' lang='lat' dir='ltr'><strong>alibi</strong></span> <span class='ocrx_word' id='word_1_110' title='bbox 316 1495 444 1566; x_wconf 87' lang='lat' dir='ltr'><strong>scriptum</strong></span> <span class='ocrx_word' id='word_1_111' title='bbox 456 1502 506 1559; x_wconf 85' lang='lat' dir='ltr'><strong>cst.</strong></span> <span class='ocrx_word' id='word_1_112' title='bbox 524 1494 585 1549; x_wconf 84' lang='lat' dir='ltr'><strong>Nora</strong></span> <span class='ocrx_word' id='word_1_113' title='bbox 599 1502 636 1550; x_wconf 79' lang='lat' dir='ltr'><strong>est</strong></span> <span class='ocrx_word' id='word_1_114' title='bbox 654 1493 766 1565; x_wconf 87' lang='lat' dir='ltr'><strong>speciosa</strong></span> <span class='ocrx_word' id='word_1_115' title='bbox 779 1490 835 1546; x_wconf 84' lang='lat' dir='ltr'><strong>iaus</strong></span> <span class='ocrx_word' id='word_1_116' title='bbox 849 1492 875 1544; x_wconf 87' lang='lat' dir='ltr'><strong>iar</strong></span> <span class='ocrx_word' id='word_1_117' title='bbox 887 1508 930 1546; x_wconf 82' lang='lat' dir='ltr'><strong>ore</strong></span> <span class='ocrx_word' id='word_1_118' title='bbox 942 1507 1034 1562; x_wconf 84' lang='lat' dir='ltr'><strong>perca-</strong></span> 
     </span>
     <span class='ocr_line' id='line_1_17' title="bbox 241 1582 1035 1661; baseline -0.006 -20"><span class='ocrx_word' id='word_1_119' title='bbox 241 1588 303 1643; x_wconf 86' lang='lat' dir='ltr'><strong>toris</strong></span> <span class='ocrx_word' id='word_1_120' title='bbox 318 1584 412 1661; x_wconf 75' lang='lat' dir='ltr'><strong>(Decii.</strong></span> <span class='ocrx_word' id='word_1_121' title='bbox 423 1603 468 1651; x_wconf 85' lang='lat' dir='ltr'><strong>xv,</strong></span> <span class='ocrx_word' id='word_1_122' title='bbox 483 1586 511 1657; x_wconf 89' lang='grc'><strong>9)</strong></span> <span class='ocrx_word' id='word_1_123' title='bbox 523 1602 531 1652; x_wconf 89' lang='grc'><strong>;</strong></span> <span class='ocrx_word' id='word_1_124' title='bbox 545 1587 662 1656; x_wconf 89' lang='lat' dir='ltr'><strong>itemque</strong></span> <span class='ocrx_word' id='word_1_125' title='bbox 674 1585 736 1641; x_wconf 86' lang='lat' dir='ltr'><strong>alibi</strong></span> <span class='ocrx_word' id='word_1_126' title='bbox 751 1583 858 1653; x_wconf 91' lang='lat' dir='ltr'><strong>dicitur,</strong></span> <span class='ocrx_word' id='word_1_127' title='bbox 872 1582 1035 1654; x_wconf 76' lang='lat' dir='ltr'><strong>Sacrificium</strong></span> 
     </span>
     <span class='ocr_line' id='line_1_18' title="bbox 241 1676 1035 1749; baseline -0.001 -18"><span class='ocrx_word' id='word_1_128' title='bbox 241 1678 325 1734; x_wconf 83' lang='lat' dir='ltr'><strong>laudis</strong></span> <span class='ocrx_word' id='word_1_129' title='bbox 337 1678 488 1749; x_wconf 74' lang='lat' dir='ltr'><strong>plurificuiit</strong></span> <span class='ocrx_word' id='word_1_130' title='bbox 502 1694 551 1745; x_wconf 85' lang='lat' dir='ltr'><strong>me,</strong></span> <span class='ocrx_word' id='word_1_131' title='bbox 565 1687 589 1733; x_wconf 86' lang='grc' dir='ltr'><strong>ει</strong></span> <span class='ocrx_word' id='word_1_132' title='bbox 601 1678 633 1731; x_wconf 83' lang='lat' dir='ltr'><strong>ili</strong></span> <span class='ocrx_word' id='word_1_133' title='bbox 645 1678 684 1731; x_wconf 87' lang='lat' dir='ltr'><strong>oia</strong></span> <span class='ocrx_word' id='word_1_134' title='bbox 700 1687 735 1732; x_wconf 82' lang='lat' dir='ltr'><strong>est</strong></span> <span class='ocrx_word' id='word_1_135' title='bbox 749 1677 776 1731; x_wconf 87' lang='lat' dir='ltr'><strong>ia</strong></span> <span class='ocrx_word' id='word_1_136' title='bbox 790 1692 839 1748; x_wconf 91' lang='lat' dir='ltr'><strong>qua</strong></span> <span class='ocrx_word' id='word_1_137' title='bbox 852 1677 981 1731; x_wconf 87' lang='lat' dir='ltr'><strong>estendam</strong></span> <span class='ocrx_word' id='word_1_138' title='bbox 994 1676 1035 1730; x_wconf 88' lang='lat' dir='ltr'><strong>ilii</strong></span> 
     </span>
     <span class='ocr_line' id='line_1_19' title="bbox 240 1753 1035 1839; baseline -0.001 -15"><span class='ocrx_word' id='word_1_139' title='bbox 240 1768 351 1825; x_wconf 72' lang='lat' dir='ltr'><strong>uiatore</strong></span> <span class='ocrx_word' id='word_1_140' title='bbox 365 1769 433 1838; x_wconf 68' lang='lat' dir='ltr'><strong>Dei,</strong></span> <span class='ocrx_word' id='word_1_141' title='bbox 447 1778 475 1824; x_wconf 91' lang='grc' dir='ltr'><strong>ει</strong></span> <span class='ocrx_word' id='word_1_142' title='bbox 494 1778 697 1839; x_wconf 73' lang='lat' dir='ltr'><strong>consequenter,</strong></span> <span class='ocrx_word' id='word_1_143' title='bbox 716 1765 844 1823; x_wconf 72' lang='lat' dir='ltr'><strong>Peccatori</strong></span> <span class='ocrx_word' id='word_1_144' title='bbox 865 1778 950 1823; x_wconf 85' lang='lat' dir='ltr'><strong>autern</strong></span> <span class='ocrx_word' id='word_1_145' title='bbox 970 1753 1035 1824; x_wconf 75' lang='lat' dir='ltr'><strong>allata</strong></span> 
     </span>
     <span class='ocr_line' id='line_1_20' title="bbox 242 1853 1034 1931; baseline 0.003 -18"><span class='ocrx_word' id='word_1_146' title='bbox 242 1858 322 1925; x_wconf 79' lang='lat' dir='ltr'><strong>Deus,</strong></span> <span class='ocrx_word' id='word_1_147' title='bbox 340 1853 435 1931; x_wconf 81' lang='lat' dir='ltr'><strong>thuid</strong></span> <span class='ocrx_word' id='word_1_148' title='bbox 449 1870 476 1914; x_wconf 88' lang='lat' dir='ltr'><strong>tu</strong></span> <span class='ocrx_word' id='word_1_149' title='bbox 488 1876 592 1917; x_wconf 79' lang='lat' dir='ltr'><strong>caeram</strong></span> <span class='ocrx_word' id='word_1_150' title='bbox 598 1861 712 1931; x_wconf 77' lang='lat' dir='ltr'><strong>justitias</strong></span> <span class='ocrx_word' id='word_1_151' title='bbox 719 1877 795 1924; x_wconf 85' lang='lat' dir='ltr'><strong>meas,</strong></span> <span class='ocrx_word' id='word_1_152' title='bbox 808 1871 831 1915; x_wconf 87' lang='grc' dir='ltr'><strong>ει</strong></span> <span class='ocrx_word' id='word_1_153' title='bbox 842 1862 948 1915; x_wconf 79' lang='lat' dir='ltr'><strong>assumis</strong></span> <span class='ocrx_word' id='word_1_154' title='bbox 959 1870 1034 1917; x_wconf 83' lang='lat' dir='ltr'><strong>testa·</strong></span> 
     </span>
     <span class='ocr_line' id='line_1_21' title="bbox 241 1953 1034 2025; baseline 0.001 -18"><span class='ocrx_word' id='word_1_155' title='bbox 241 1961 353 2007; x_wconf 77' lang='lat' dir='ltr'><strong>mentum</strong></span> <span class='ocrx_word' id='word_1_156' title='bbox 366 1970 449 2008; x_wconf 75' lang='lat' dir='ltr'><strong>masat</strong></span> <span class='ocrx_word' id='word_1_157' title='bbox 469 1970 513 2023; x_wconf 87' lang='lat' dir='ltr'><strong>per</strong></span> <span class='ocrx_word' id='word_1_158' title='bbox 524 1969 552 2009; x_wconf 88' lang='lat' dir='ltr'><strong>aa</strong></span> <span class='ocrx_word' id='word_1_159' title='bbox 572 1956 663 2009; x_wconf 80' lang='lat' dir='ltr'><strong>tuum?</strong></span> <span class='ocrx_word' id='word_1_160' title='bbox 681 1953 722 2009; x_wconf 83' lang='lat' dir='ltr'><strong>Tar</strong></span> <span class='ocrx_word' id='word_1_161' title='bbox 734 1964 818 2009; x_wconf 82' lang='lat' dir='ltr'><strong>autem</strong></span> <span class='ocrx_word' id='word_1_162' title='bbox 834 1956 909 2009; x_wconf 84' lang='lat' dir='ltr'><strong>odisti</strong></span> <span class='ocrx_word' id='word_1_163' title='bbox 921 1955 1034 2025; x_wconf 86' lang='lat' dir='ltr'><strong>discipli-</strong></span> 
     </span>
     <span class='ocr_line' id='line_1_22' title="bbox 240 2043 1032 2118; baseline 0 -19"><span class='ocrx_word' id='word_1_164' title='bbox 240 2060 311 2112; x_wconf 76' lang='lat' dir='ltr'><strong>natu,</strong></span> <span class='ocrx_word' id='word_1_165' title='bbox 326 2053 350 2098; x_wconf 86' lang='grc' dir='ltr'><strong>ει</strong></span> <span class='ocrx_word' id='word_1_166' title='bbox 362 2044 490 2115; x_wconf 77' lang='lat' dir='ltr'><strong>projecisti</strong></span> <span class='ocrx_word' id='word_1_167' title='bbox 505 2061 632 2100; x_wconf 84' lang='lat' dir='ltr'><strong>sermones</strong></span> <span class='ocrx_word' id='word_1_168' title='bbox 650 2060 718 2101; x_wconf 85' lang='lat' dir='ltr'><strong>rrreas</strong></span> <span class='ocrx_word' id='word_1_169' title='bbox 736 2055 791 2116; x_wconf 85' lang='lat' dir='ltr'><strong>post</strong></span> <span class='ocrx_word' id='word_1_170' title='bbox 806 2055 829 2099; x_wconf 89' lang='lat' dir='ltr'><strong>te</strong></span> <span class='ocrx_word' id='word_1_171' title='bbox 842 2043 935 2118; x_wconf 86' lang='lat' dir='ltr'><strong>(Psoi.</strong></span> <span class='ocrx_word' id='word_1_172' title='bbox 953 2062 1032 2112; x_wconf 83' lang='lat' dir='ltr'><strong>tert,</strong></span> 
     </span>
     <span class='ocr_line' id='line_1_23' title="bbox 239 2132 1031 2206; baseline -0.003 -15"><span class='ocrx_word' id='word_1_173' title='bbox 239 2132 285 2203; x_wconf 71' lang='lat'><strong>25,</strong></span> <span class='ocrx_word' id='word_1_174' title='bbox 298 2133 342 2201; x_wconf 88' lang='lat' dir='ltr'><strong>to,</strong></span> <span class='ocrx_word' id='word_1_175' title='bbox 357 2136 401 2206; x_wconf 80' lang='grc'><strong>17)</strong></span> <span class='ocrx_word' id='word_1_176' title='bbox 419 2152 427 2191; x_wconf 83' lang='lat' dir='ltr'><strong>r</strong></span> <span class='ocrx_word' id='word_1_177' title='bbox 442 2149 475 2191; x_wconf 86' lang='lat' dir='ltr'><strong>nc</strong></span> <span class='ocrx_word' id='word_1_178' title='bbox 486 2134 554 2190; x_wconf 88' lang='lat' dir='ltr'><strong>inrte</strong></span> <span class='ocrx_word' id='word_1_179' title='bbox 567 2136 718 2206; x_wconf 90' lang='lat' dir='ltr'><strong>quisquam,</strong></span> <span class='ocrx_word' id='word_1_180' title='bbox 729 2135 855 2205; x_wconf 89' lang='lat' dir='ltr'><strong>quoniam</strong></span> <span class='ocrx_word' id='word_1_181' title='bbox 867 2135 965 2190; x_wconf 86' lang='lat' dir='ltr'><strong>dictura</strong></span> <span class='ocrx_word' id='word_1_182' title='bbox 978 2146 1031 2205; x_wconf 88' lang='lat' dir='ltr'><strong>est,</strong></span> 
     </span>
     <span class='ocr_line' id='line_1_24' title="bbox 239 2224 1033 2301; baseline 0.001 -20"><span class='ocrx_word' id='word_1_183' title='bbox 239 2224 364 2291; x_wconf 78' lang='lat' dir='ltr'><strong>Daedale,</strong></span> <span class='ocrx_word' id='word_1_184' title='bbox 376 2227 451 2301; x_wconf 74' lang='lat' dir='ltr'><strong>ursi,</strong></span> <span class='ocrx_word' id='word_1_185' title='bbox 462 2224 608 2291; x_wconf 81' lang='lat' dir='ltr'><strong>Dominam,</strong></span> <span class='ocrx_word' id='word_1_186' title='bbox 623 2226 727 2281; x_wconf 90' lang='lat' dir='ltr'><strong>etiarnsi</strong></span> <span class='ocrx_word' id='word_1_187' title='bbox 741 2227 767 2280; x_wconf 91' lang='lat' dir='ltr'><strong>in</strong></span> <span class='ocrx_word' id='word_1_188' title='bbox 782 2224 861 2281; x_wconf 90' lang='lat' dir='ltr'><strong>domo</strong></span> <span class='ocrx_word' id='word_1_189' title='bbox 873 2226 922 2281; x_wconf 90' lang='lat' dir='ltr'><strong>ista</strong></span> <span class='ocrx_word' id='word_1_190' title='bbox 937 2242 1033 2297; x_wconf 79' lang='lat' dir='ltr'><strong>magna</strong></span> 
     </span>
     <span class='ocr_line' id='line_1_25' title="bbox 238 2313 1029 2387; baseline 0.001 -16"><span class='ocrx_word' id='word_1_191' title='bbox 238 2313 317 2371; x_wconf 84' lang='lat' dir='ltr'><strong>luerit</strong></span> <span class='ocrx_word' id='word_1_192' title='bbox 330 2318 416 2373; x_wconf 86' lang='lat' dir='ltr'><strong>malus</strong></span> <span class='ocrx_word' id='word_1_193' title='bbox 428 2332 531 2385; x_wconf 85' lang='lat' dir='ltr'><strong>servus,</strong></span> <span class='ocrx_word' id='word_1_194' title='bbox 548 2327 620 2387; x_wconf 89' lang='lat' dir='ltr'><strong>putet</strong></span> <span class='ocrx_word' id='word_1_195' title='bbox 641 2316 692 2372; x_wconf 87' lang='lat' dir='ltr'><strong>sibi</strong></span> <span class='ocrx_word' id='word_1_196' title='bbox 708 2316 834 2386; x_wconf 82' lang='lat' dir='ltr'><strong>prodesse</strong></span> <span class='ocrx_word' id='word_1_197' title='bbox 847 2316 954 2372; x_wconf 85' lang='lat' dir='ltr'><strong>laudem</strong></span> <span class='ocrx_word' id='word_1_198' title='bbox 976 2318 1029 2373; x_wconf 88' lang='lat' dir='ltr'><strong>[lo-</strong></span> 
     </span>
     <span class='ocr_line' id='line_1_26' title="bbox 238 2406 1034 2479; baseline -0.001 -15"><span class='ocrx_word' id='word_1_199' title='bbox 238 2408 315 2476; x_wconf 86' lang='lat' dir='ltr'><strong>miui,</strong></span> <span class='ocrx_word' id='word_1_200' title='bbox 326 2409 453 2466; x_wconf 87' lang='lat' dir='ltr'><strong>continuo</strong></span> <span class='ocrx_word' id='word_1_201' title='bbox 464 2409 556 2479; x_wconf 87' lang='lat' dir='ltr'><strong>quates</strong></span> <span class='ocrx_word' id='word_1_202' title='bbox 570 2410 623 2462; x_wconf 92' lang='lat' dir='ltr'><strong>sint</strong></span> <span class='ocrx_word' id='word_1_203' title='bbox 635 2408 680 2479; x_wconf 90' lang='lat' dir='ltr'><strong>qui</strong></span> <span class='ocrx_word' id='word_1_204' title='bbox 695 2406 802 2464; x_wconf 88' lang='lat' dir='ltr'><strong>laudare</strong></span> <span class='ocrx_word' id='word_1_205' title='bbox 813 2408 928 2463; x_wconf 85' lang='lat' dir='ltr'><strong>debeant</strong></span> <span class='ocrx_word' id='word_1_206' title='bbox 942 2410 1034 2463; x_wconf 83' lang='lat' dir='ltr'><strong>Drrmi-</strong></span> 
     </span>
     <span class='ocr_line' id='line_1_27' title="bbox 238 2498 1031 2571; baseline -0.005 -14"><span class='ocrx_word' id='word_1_207' title='bbox 238 2517 313 2569; x_wconf 92' lang='lat' dir='ltr'><strong>uurn,</strong></span> <span class='ocrx_word' id='word_1_208' title='bbox 329 2500 436 2571; x_wconf 81' lang='lat' dir='ltr'><strong>subjicit</strong></span> <span class='ocrx_word' id='word_1_209' title='bbox 455 2511 481 2556; x_wconf 90' lang='grc' dir='ltr'><strong>ει</strong></span> <span class='ocrx_word' id='word_1_210' title='bbox 493 2499 573 2555; x_wconf 91' lang='lat' dir='ltr'><strong>decet</strong></span> <span class='ocrx_word' id='word_1_211' title='bbox 589 2519 595 2555; x_wconf 82' lang='grc' dir='ltr'><strong>ι</strong></span> <span class='ocrx_word' id='word_1_212' title='bbox 610 2498 659 2565; x_wconf 87' lang='lat' dir='ltr'><strong>Qui</strong></span> <span class='ocrx_word' id='word_1_213' title='bbox 674 2500 746 2553; x_wconf 85' lang='lat' dir='ltr'><strong>statis</strong></span> <span class='ocrx_word' id='word_1_214' title='bbox 760 2500 787 2553; x_wconf 89' lang='lat' dir='ltr'><strong>ira</strong></span> <span class='ocrx_word' id='word_1_215' title='bbox 809 2500 885 2554; x_wconf 86' lang='lat' dir='ltr'><strong>dama</strong></span> <span class='ocrx_word' id='word_1_216' title='bbox 907 2498 1031 2567; x_wconf 83' lang='lat' dir='ltr'><strong>Domini,</strong></span> 
     </span>
     <span class='ocr_line' id='line_1_28' title="bbox 237 2589 1031 2663; baseline -0.003 -15"><span class='ocrx_word' id='word_1_217' title='bbox 237 2595 265 2648; x_wconf 85' lang='lat' dir='ltr'><strong>ira</strong></span> <span class='ocrx_word' id='word_1_218' title='bbox 279 2594 351 2650; x_wconf 80' lang='lat' dir='ltr'><strong>atriis</strong></span> <span class='ocrx_word' id='word_1_219' title='bbox 362 2592 452 2649; x_wconf 83' lang='lat' dir='ltr'><strong>danaus</strong></span> <span class='ocrx_word' id='word_1_220' title='bbox 468 2592 515 2647; x_wconf 85' lang='lat' dir='ltr'><strong>Dei</strong></span> <span class='ocrx_word' id='word_1_221' title='bbox 530 2589 618 2647; x_wconf 85' lang='lat' dir='ltr'><strong>nostri.</strong></span> <span class='ocrx_word' id='word_1_222' title='bbox 635 2591 684 2658; x_wconf 83' lang='lat' dir='ltr'><strong>Qaai</strong></span> <span class='ocrx_word' id='word_1_223' title='bbox 696 2592 779 2657; x_wconf 86' lang='lat' dir='ltr'><strong>statis,</strong></span> <span class='ocrx_word' id='word_1_224' title='bbox 796 2608 848 2646; x_wconf 92' lang='lat' dir='ltr'><strong>non</strong></span> <span class='ocrx_word' id='word_1_225' title='bbox 862 2593 906 2663; x_wconf 94' lang='lat' dir='ltr'><strong>qui</strong></span> <span class='ocrx_word' id='word_1_226' title='bbox 923 2594 998 2648; x_wconf 87' lang='lat' dir='ltr'><strong>ruitis</strong></span> <span class='ocrx_word' id='word_1_227' title='bbox 1010 2592 1031 2646; x_wconf 89' lang='lat'><strong>¹.</strong></span> 
     </span>
     <span class='ocr_line' id='line_1_29' title="bbox 238 2668 1030 2753; baseline 0 -14"><span class='ocrx_word' id='word_1_228' title='bbox 238 2684 279 2740; x_wconf 89' lang='lat' dir='ltr'><strong>illi</strong></span> <span class='ocrx_word' id='word_1_229' title='bbox 293 2693 382 2741; x_wconf 90' lang='lat' dir='ltr'><strong>autem</strong></span> <span class='ocrx_word' id='word_1_230' title='bbox 395 2693 466 2739; x_wconf 88' lang='lat' dir='ltr'><strong>stare</strong></span> <span class='ocrx_word' id='word_1_231' title='bbox 478 2683 611 2747; x_wconf 90' lang='lat' dir='ltr'><strong>dicuntur,</strong></span> <span class='ocrx_word' id='word_1_232' title='bbox 623 2682 668 2753; x_wconf 94' lang='lat' dir='ltr'><strong>qui</strong></span> <span class='ocrx_word' id='word_1_233' title='bbox 684 2684 710 2737; x_wconf 93' lang='lat' dir='ltr'><strong>in</strong></span> <span class='ocrx_word' id='word_1_234' title='bbox 720 2668 852 2737; x_wconf 83' lang='lat' dir='ltr'><strong>mandatis</strong></span> <span class='ocrx_word' id='word_1_235' title='bbox 865 2686 923 2752; x_wconf 86' lang='lat' dir='ltr'><strong>ejus</strong></span> <span class='ocrx_word' id='word_1_236' title='bbox 937 2700 1030 2753; x_wconf 90' lang='lat' dir='ltr'><strong>perse·</strong></span> 
     </span>
     <span class='ocr_line' id='line_1_30' title="bbox 236 2772 1031 2845; baseline 0.003 -16"><span class='ocrx_word' id='word_1_237' title='bbox 236 2784 338 2840; x_wconf 89' lang='lat' dir='ltr'><strong>verant,</strong></span> <span class='ocrx_word' id='word_1_238' title='bbox 350 2776 395 2845; x_wconf 91' lang='lat' dir='ltr'><strong>qui</strong></span> <span class='ocrx_word' id='word_1_239' title='bbox 408 2776 433 2830; x_wconf 93' lang='lat' dir='ltr'><strong>in</strong></span> <span class='ocrx_word' id='word_1_240' title='bbox 444 2774 494 2830; x_wconf 90' lang='lat' dir='ltr'><strong>lide</strong></span> <span class='ocrx_word' id='word_1_241' title='bbox 508 2790 561 2830; x_wconf 94' lang='lat' dir='ltr'><strong>non</strong></span> <span class='ocrx_word' id='word_1_242' title='bbox 574 2774 644 2837; x_wconf 83' lang='lat' dir='ltr'><strong>iacta,</strong></span> <span class='ocrx_word' id='word_1_243' title='bbox 661 2785 688 2830; x_wconf 91' lang='grc' dir='ltr'><strong>ει</strong></span> <span class='ocrx_word' id='word_1_244' title='bbox 701 2789 748 2845; x_wconf 92' lang='lat' dir='ltr'><strong>spe</strong></span> <span class='ocrx_word' id='word_1_245' title='bbox 762 2772 848 2838; x_wconf 88' lang='lat' dir='ltr'><strong>ilrrna,</strong></span> <span class='ocrx_word' id='word_1_246' title='bbox 859 2784 887 2830; x_wconf 89' lang='lat' dir='ltr'><strong>et</strong></span> <span class='ocrx_word' id='word_1_247' title='bbox 899 2776 1031 2832; x_wconf 76' lang='lat' dir='ltr'><strong>charitate</strong></span> 
     </span>
     <span class='ocr_line' id='line_1_31' title="bbox 237 2852 1033 2939; baseline 0 -15"><span class='ocrx_word' id='word_1_248' title='bbox 237 2870 340 2924; x_wconf 90' lang='lat' dir='ltr'><strong>sincera</strong></span> <span class='ocrx_word' id='word_1_249' title='bbox 360 2870 477 2924; x_wconf 85' lang='lat' dir='ltr'><strong>serviunt</strong></span> <span class='ocrx_word' id='word_1_250' title='bbox 491 2869 557 2933; x_wconf 80' lang='lat' dir='ltr'><strong>ileo,</strong></span> <span class='ocrx_word' id='word_1_251' title='bbox 572 2852 748 2923; x_wconf 60' lang='lat' dir='ltr'><strong>conciverant</strong></span> <span class='ocrx_word' id='word_1_252' title='bbox 763 2867 908 2923; x_wconf 84' lang='lat' dir='ltr'><strong>Ecclesiam</strong></span> <span class='ocrx_word' id='word_1_253' title='bbox 923 2869 991 2939; x_wconf 81' lang='lat' dir='ltr'><strong>ejus,</strong></span> <span class='ocrx_word' id='word_1_254' title='bbox 1005 2880 1033 2924; x_wconf 93' lang='lat' dir='ltr'><strong>et</strong></span> 
     </span>
     <span class='ocr_line' id='line_1_32' title="bbox 238 2957 1032 3030; baseline 0.005 -18"><span class='ocrx_word' id='word_1_255' title='bbox 238 2974 291 3013; x_wconf 92' lang='lat' dir='ltr'><strong>nou</strong></span> <span class='ocrx_word' id='word_1_256' title='bbox 306 2958 370 3014; x_wconf 90' lang='lat' dir='ltr'><strong>dant</strong></span> <span class='ocrx_word' id='word_1_257' title='bbox 392 2957 565 3015; x_wconf 76' lang='lat' dir='ltr'><strong>offensionem</strong></span> <span class='ocrx_word' id='word_1_258' title='bbox 580 2958 649 3014; x_wconf 78' lang='lat' dir='ltr'><strong>nmle</strong></span> <span class='ocrx_word' id='word_1_259' title='bbox 661 2958 775 3015; x_wconf 77' lang='lat' dir='ltr'><strong>vivendo</strong></span> <span class='ocrx_word' id='word_1_260' title='bbox 789 2960 811 3025; x_wconf 89' lang='lat'><strong>¹,</strong></span> <span class='ocrx_word' id='word_1_261' title='bbox 827 2959 866 3015; x_wconf 92' lang='lat' dir='ltr'><strong>eis</strong></span> <span class='ocrx_word' id='word_1_262' title='bbox 881 2961 925 3030; x_wconf 93' lang='lat' dir='ltr'><strong>qui</strong></span> <span class='ocrx_word' id='word_1_263' title='bbox 940 2962 1032 3017; x_wconf 87' lang='lat' dir='ltr'><strong>venire</strong></span> 
     </span>
     <span class='ocr_line' id='line_1_33' title="bbox 237 3050 1030 3122; baseline 0.003 -19"><span class='ocrx_word' id='word_1_264' title='bbox 237 3051 339 3117; x_wconf 91' lang='lat' dir='ltr'><strong>volunt,</strong></span> <span class='ocrx_word' id='word_1_265' title='bbox 352 3058 380 3105; x_wconf 91' lang='lat' dir='ltr'><strong>et</strong></span> <span class='ocrx_word' id='word_1_266' title='bbox 391 3050 419 3104; x_wconf 88' lang='lat' dir='ltr'><strong>in</strong></span> <span class='ocrx_word' id='word_1_267' title='bbox 433 3051 474 3104; x_wconf 91' lang='lat' dir='ltr'><strong>via</strong></span> <span class='ocrx_word' id='word_1_268' title='bbox 488 3050 590 3121; x_wconf 85' lang='lat' dir='ltr'><strong>lapides</strong></span> <span class='ocrx_word' id='word_1_269' title='bbox 600 3050 755 3107; x_wconf 84' lang='lat' dir='ltr'><strong>atterrstanis</strong></span> <span class='ocrx_word' id='word_1_270' title='bbox 767 3050 906 3105; x_wconf 91' lang='lat' dir='ltr'><strong>inveniunt</strong></span> <span class='ocrx_word' id='word_1_271' title='bbox 916 3051 936 3105; x_wconf 84' lang='lat'><strong>⁸.</strong></span> <span class='ocrx_word' id='word_1_272' title='bbox 950 3052 1030 3122; x_wconf 73' lang='lat' dir='ltr'><strong>Ergo,</strong></span> 
     </span>
     <span class='ocr_line' id='line_1_34' title="bbox 237 3143 1028 3211; baseline -0.003 -12"><span class='ocrx_word' id='word_1_273' title='bbox 237 3143 372 3209; x_wconf 75' lang='lat' dir='ltr'><strong>Quietatir</strong></span> <span class='ocrx_word' id='word_1_274' title='bbox 393 3145 420 3199; x_wconf 86' lang='lat' dir='ltr'><strong>iu</strong></span> <span class='ocrx_word' id='word_1_275' title='bbox 442 3144 517 3197; x_wconf 82' lang='lat' dir='ltr'><strong>duma</strong></span> <span class='ocrx_word' id='word_1_276' title='bbox 541 3144 655 3211; x_wconf 86' lang='lat' dir='ltr'><strong>Domini,</strong></span> <span class='ocrx_word' id='word_1_277' title='bbox 680 3143 782 3198; x_wconf 86' lang='lat' dir='ltr'><strong>laudate</strong></span> <span class='ocrx_word' id='word_1_278' title='bbox 802 3159 893 3199; x_wconf 86' lang='lat' dir='ltr'><strong>acmen</strong></span> <span class='ocrx_word' id='word_1_279' title='bbox 914 3143 1028 3198; x_wconf 86' lang='lat' dir='ltr'><strong>Domini.</strong></span> 
     </span>
     <span class='ocr_line' id='line_1_35' title="bbox 235 3234 1031 3307; baseline -0.003 -14"><span class='ocrx_word' id='word_1_280' title='bbox 235 3234 308 3293; x_wconf 87' lang='lat' dir='ltr'><strong>Grati</strong></span> <span class='ocrx_word' id='word_1_281' title='bbox 324 3244 428 3303; x_wconf 88' lang='lat' dir='ltr'><strong>estote;</strong></span> <span class='ocrx_word' id='word_1_282' title='bbox 446 3235 511 3292; x_wconf 88' lang='lat' dir='ltr'><strong>ioris</strong></span> <span class='ocrx_word' id='word_1_283' title='bbox 524 3238 617 3301; x_wconf 89' lang='lat' dir='ltr'><strong>eratis,</strong></span> <span class='ocrx_word' id='word_1_284' title='bbox 632 3245 660 3293; x_wconf 89' lang='grc' dir='ltr'><strong>ει</strong></span> <span class='ocrx_word' id='word_1_285' title='bbox 674 3236 744 3292; x_wconf 89' lang='lat' dir='ltr'><strong>intus</strong></span> <span class='ocrx_word' id='word_1_286' title='bbox 757 3238 835 3292; x_wconf 85' lang='lat' dir='ltr'><strong>etatis</strong></span> <span class='ocrx_word' id='word_1_287' title='bbox 849 3234 871 3290; x_wconf 73' lang='lat'><strong>⁸.</strong></span> <span class='ocrx_word' id='word_1_288' title='bbox 884 3235 951 3303; x_wconf 83' lang='lat' dir='ltr'><strong>Quia</strong></span> <span class='ocrx_word' id='word_1_289' title='bbox 966 3252 1031 3307; x_wconf 80' lang='lat' dir='ltr'><strong>ergo</strong></span> 
     </span>
     <span class='ocr_line' id='line_1_36' title="bbox 233 3326 1030 3399; baseline -0.001 -14"><span class='ocrx_word' id='word_1_290' title='bbox 233 3329 320 3395; x_wconf 91' lang='lat' dir='ltr'><strong>statis,</strong></span> <span class='ocrx_word' id='word_1_291' title='bbox 336 3344 465 3399; x_wconf 83' lang='lat' dir='ltr'><strong>parumne</strong></span> <span class='ocrx_word' id='word_1_292' title='bbox 479 3338 520 3383; x_wconf 86' lang='lat' dir='ltr'><strong>est</strong></span> <span class='ocrx_word' id='word_1_293' title='bbox 531 3328 616 3392; x_wconf 89' lang='lat' dir='ltr'><strong>vobis,</strong></span> <span class='ocrx_word' id='word_1_294' title='bbox 632 3327 676 3382; x_wconf 91' lang='lat' dir='ltr'><strong>ubl</strong></span> <span class='ocrx_word' id='word_1_295' title='bbox 698 3326 845 3383; x_wconf 90' lang='lat' dir='ltr'><strong>laudandus</strong></span> <span class='ocrx_word' id='word_1_296' title='bbox 860 3329 959 3399; x_wconf 88' lang='lat' dir='ltr'><strong>estqui</strong></span> <span class='ocrx_word' id='word_1_297' title='bbox 982 3343 1030 3384; x_wconf 88' lang='lat' dir='ltr'><strong>vos</strong></span> 
     </span>
     <span class='ocr_line' id='line_1_37' title="bbox 235 3417 1027 3490; baseline -0.003 -15"><span class='ocrx_word' id='word_1_298' title='bbox 235 3420 320 3475; x_wconf 85' lang='lat' dir='ltr'><strong>erexit</strong></span> <span class='ocrx_word' id='word_1_299' title='bbox 330 3417 459 3490; x_wconf 78' lang='lat' dir='ltr'><strong>jacentes,</strong></span> <span class='ocrx_word' id='word_1_300' title='bbox 475 3428 503 3474; x_wconf 93' lang='grc' dir='ltr'><strong>ει</strong></span> <span class='ocrx_word' id='word_1_301' title='bbox 524 3418 586 3474; x_wconf 86' lang='lat' dir='ltr'><strong>iecit</strong></span> <span class='ocrx_word' id='word_1_302' title='bbox 599 3419 625 3473; x_wconf 89' lang='lat' dir='ltr'><strong>iu</strong></span> <span class='ocrx_word' id='word_1_303' title='bbox 645 3417 726 3472; x_wconf 90' lang='lat' dir='ltr'><strong>dorna</strong></span> <span class='ocrx_word' id='word_1_304' title='bbox 738 3432 787 3472; x_wconf 88' lang='lat' dir='ltr'><strong>sua</strong></span> <span class='ocrx_word' id='word_1_305' title='bbox 804 3427 885 3482; x_wconf 89' lang='lat' dir='ltr'><strong>stare,</strong></span> <span class='ocrx_word' id='word_1_306' title='bbox 901 3427 927 3472; x_wconf 86' lang='lat' dir='ltr'><strong>et</strong></span> <span class='ocrx_word' id='word_1_307' title='bbox 942 3419 1027 3488; x_wconf 79' lang='lat' dir='ltr'><strong>ipsum</strong></span> 
     </span>
     <span class='ocr_line' id='line_1_38' title="bbox 235 3508 1029 3584; baseline 0.001 -20"><span class='ocrx_word' id='word_1_308' title='bbox 235 3526 392 3582; x_wconf 72' lang='lat' dir='ltr'><strong>agnoscere,</strong></span> <span class='ocrx_word' id='word_1_309' title='bbox 415 3512 556 3584; x_wconf 79' lang='lat' dir='ltr'><strong>ipsumque</strong></span> <span class='ocrx_word' id='word_1_310' title='bbox 567 3508 698 3565; x_wconf 78' lang='lat' dir='ltr'><strong>laudare?</strong></span> <span class='ocrx_word' id='word_1_311' title='bbox 718 3526 865 3579; x_wconf 88' lang='lat' dir='ltr'><strong>parvumne</strong></span> <span class='ocrx_word' id='word_1_312' title='bbox 880 3511 931 3564; x_wconf 85' lang='grc' dir='ltr'>ιιεε</span> <span class='ocrx_word' id='word_1_313' title='bbox 944 3510 1029 3566; x_wconf 88' lang='lat' dir='ltr'><strong>bene·</strong></span> 
     </span>
     <span class='ocr_line' id='line_1_39' title="bbox 237 3600 1028 3675; baseline -0.004 -19"><span class='ocrx_word' id='word_1_314' title='bbox 237 3602 325 3657; x_wconf 83' lang='lat' dir='ltr'><strong>nciam</strong></span> <span class='ocrx_word' id='word_1_315' title='bbox 336 3602 464 3675; x_wconf 68' lang='lat' dir='ltr'><strong>estquod</strong></span> <span class='ocrx_word' id='word_1_316' title='bbox 473 3610 574 3656; x_wconf 70' lang='lat' dir='ltr'><strong>sumus</strong></span> <span class='ocrx_word' id='word_1_317' title='bbox 586 3602 612 3654; x_wconf 89' lang='lat' dir='ltr'><strong>in</strong></span> <span class='ocrx_word' id='word_1_318' title='bbox 624 3600 704 3657; x_wconf 91' lang='lat' dir='ltr'><strong>domo</strong></span> <span class='ocrx_word' id='word_1_319' title='bbox 714 3600 818 3655; x_wconf 90' lang='lat' dir='ltr'><strong>llornirri</strong></span> <span class='ocrx_word' id='word_1_320' title='bbox 829 3601 842 3654; x_wconf 79' lang='lat' dir='ltr'><strong>‘l</strong></span> <span class='ocrx_word' id='word_1_321' title='bbox 853 3600 900 3654; x_wconf 89' lang='lat' dir='ltr'><strong>liic</strong></span> <span class='ocrx_word' id='word_1_322' title='bbox 909 3600 1028 3669; x_wconf 87' lang='lat' dir='ltr'><strong>iuterim,</strong></span> 
     </span>
     <span class='ocr_line' id='line_1_40' title="bbox 237 3691 1030 3763; baseline 0 -16"><span class='ocrx_word' id='word_1_323' title='bbox 237 3691 264 3747; x_wconf 94' lang='lat' dir='ltr'><strong>in</strong></span> <span class='ocrx_word' id='word_1_324' title='bbox 279 3692 328 3747; x_wconf 87' lang='lat' dir='ltr'><strong>nae</strong></span> <span class='ocrx_word' id='word_1_325' title='bbox 342 3693 565 3763; x_wconf 72' lang='lat' dir='ltr'><strong>peregrinatione,</strong></span> <span class='ocrx_word' id='word_1_326' title='bbox 580 3692 607 3748; x_wconf 91' lang='lat' dir='ltr'><strong>in</strong></span> <span class='ocrx_word' id='word_1_327' title='bbox 621 3692 671 3747; x_wconf 87' lang='lat' dir='ltr'><strong>hac</strong></span> <span class='ocrx_word' id='word_1_328' title='bbox 683 3693 773 3756; x_wconf 66' lang='lat' dir='ltr'><strong>domm</strong></span> <span class='ocrx_word' id='word_1_329' title='bbox 787 3692 858 3763; x_wconf 92' lang='lat' dir='ltr'><strong>quod</strong></span> <span class='ocrx_word' id='word_1_330' title='bbox 874 3693 953 3747; x_wconf 91' lang='lat' dir='ltr'><strong>etiam</strong></span> <span class='ocrx_word' id='word_1_331' title='bbox 968 3708 1030 3761; x_wconf 88' lang='lat' dir='ltr'><strong>pcr-</strong></span> 
     </span>
     <span class='ocr_line' id='line_1_41' title="bbox 235 3782 1028 3857; baseline -0.003 -17"><span class='ocrx_word' id='word_1_332' title='bbox 235 3784 407 3857; x_wconf 74' lang='lat' dir='ltr'><strong>cgrinationls</strong></span> <span class='ocrx_word' id='word_1_333' title='bbox 419 3785 619 3841; x_wconf 85' lang='lat' dir='ltr'><strong>tabernaculum</strong></span> <span class='ocrx_word' id='word_1_334' title='bbox 634 3783 741 3852; x_wconf 90' lang='lat' dir='ltr'><strong>dicitur,</strong></span> <span class='ocrx_word' id='word_1_335' title='bbox 764 3785 825 3855; x_wconf 93' lang='lat' dir='ltr'><strong>quia</strong></span> <span class='ocrx_word' id='word_1_336' title='bbox 839 3782 882 3839; x_wconf 90' lang='lat' dir='ltr'><strong>hic</strong></span> <span class='ocrx_word' id='word_1_337' title='bbox 905 3791 1028 3853; x_wconf 84' lang='lat' dir='ltr'><strong>stamus,</strong></span> 
     </span>
     <span class='ocr_line' id='line_1_42' title="bbox 235 3871 1029 3948; baseline -0.004 -16"><span class='ocrx_word' id='word_1_338' title='bbox 235 3876 364 3947; x_wconf 89' lang='lat' dir='ltr'><strong>numquid</strong></span> <span class='ocrx_word' id='word_1_339' title='bbox 386 3892 479 3948; x_wconf 86' lang='lat' dir='ltr'><strong>parum</strong></span> <span class='ocrx_word' id='word_1_340' title='bbox 496 3877 564 3948; x_wconf 77' lang='lat' dir='ltr'><strong>grati</strong></span> <span class='ocrx_word' id='word_1_341' title='bbox 586 3890 645 3932; x_wconf 87' lang='lat' dir='ltr'><strong>esse</strong></span> <span class='ocrx_word' id='word_1_342' title='bbox 668 3871 817 3931; x_wconf 75' lang='lat' dir='ltr'><strong>debemus?</strong></span> <span class='ocrx_word' id='word_1_343' title='bbox 840 3874 933 3929; x_wconf 87' lang='lat' dir='ltr'><strong>Nonne</strong></span> <span class='ocrx_word' id='word_1_344' title='bbox 954 3876 1029 3945; x_wconf 82' lang='lat' dir='ltr'><strong>cogi-</strong></span> 
     </span>
     <span class='ocr_line' id='line_1_43' title="bbox 236 3963 1028 4042; baseline -0.005 -16"><span class='ocrx_word' id='word_1_345' title='bbox 236 3968 344 4026; x_wconf 89' lang='lat' dir='ltr'><strong>tandum</strong></span> <span class='ocrx_word' id='word_1_346' title='bbox 370 3978 413 4026; x_wconf 89' lang='lat' dir='ltr'><strong>est</strong></span> <span class='ocrx_word' id='word_1_347' title='bbox 439 3970 501 4042; x_wconf 89' lang='lat' dir='ltr'><strong>quia</strong></span> <span class='ocrx_word' id='word_1_348' title='bbox 524 3968 568 4023; x_wconf 86' lang='lat' dir='ltr'><strong>hic</strong></span> <span class='ocrx_word' id='word_1_349' title='bbox 594 3963 716 4022; x_wconf 88' lang='lat' dir='ltr'><strong>stamrrsl</strong></span> <span class='ocrx_word' id='word_1_350' title='bbox 741 3982 830 4022; x_wconf 89' lang='lat' dir='ltr'><strong>nonne</strong></span> <span class='ocrx_word' id='word_1_351' title='bbox 857 3968 1028 4038; x_wconf 77' lang='lat' dir='ltr'><strong>cogitandum</strong></span> 
     </span>
     <span class='ocr_line' id='line_1_44' title="bbox 163 4059 1029 4139; baseline -0.005 -18"><span class='ocrx_word' id='word_1_352' title='bbox 163 4134 168 4139; x_wconf 31' lang='lat'>·</span> <span class='ocrx_word' id='word_1_353' title='bbox 235 4073 277 4121; x_wconf 88' lang='grc' dir='ltr'><strong>εει</strong></span> <span class='ocrx_word' id='word_1_354' title='bbox 309 4061 372 4137; x_wconf 92' lang='lat' dir='ltr'><strong>quid</strong></span> <span class='ocrx_word' id='word_1_355' title='bbox 395 4061 457 4118; x_wconf 86' lang='lat' dir='ltr'><strong>lacti</strong></span> <span class='ocrx_word' id='word_1_356' title='bbox 487 4059 633 4118; x_wconf 76' lang='lat' dir='ltr'><strong>fuerimus?</strong></span> <span class='ocrx_word' id='word_1_357' title='bbox 674 4077 763 4116; x_wconf 91' lang='lat' dir='ltr'><strong>nonne</strong></span> <span class='ocrx_word' id='word_1_358' title='bbox 795 4061 963 4130; x_wconf 79' lang='lat' dir='ltr'><strong>cogitandum</strong></span> <span class='ocrx_word' id='word_1_359' title='bbox 987 4067 1029 4119; x_wconf 90' lang='lat' dir='ltr'><strong>cst</strong></span> 
     </span>
     <span class='ocr_line' id='line_1_45' title="bbox 235 4151 1029 4228; baseline -0.005 -15"><span class='ocrx_word' id='word_1_360' title='bbox 235 4156 455 4228; x_wconf 77' lang='lat' dir='ltr'><strong>ubijacebamus,</strong></span> <span class='ocrx_word' id='word_1_361' title='bbox 479 4165 507 4213; x_wconf 90' lang='lat' dir='ltr'><strong>et</strong></span> <span class='ocrx_word' id='word_1_362' title='bbox 520 4173 573 4227; x_wconf 93' lang='lat' dir='ltr'><strong>quo</strong></span> <span class='ocrx_word' id='word_1_363' title='bbox 595 4155 699 4211; x_wconf 73' lang='lat' dir='ltr'><strong>collecti</strong></span> <span class='ocrx_word' id='word_1_364' title='bbox 719 4151 833 4210; x_wconf 86' lang='lat' dir='ltr'><strong>surrrusl</strong></span> <span class='ocrx_word' id='word_1_365' title='bbox 847 4168 935 4210; x_wconf 89' lang='lat' dir='ltr'><strong>nanrre</strong></span> <span class='ocrx_word' id='word_1_366' title='bbox 956 4154 1029 4226; x_wconf 81' lang='lat' dir='ltr'><strong>cegi-</strong></span> 
     </span>
     <span class='ocr_line' id='line_1_46' title="bbox 234 4246 1024 4321; baseline -0.003 -17"><span class='ocrx_word' id='word_1_367' title='bbox 234 4248 341 4305; x_wconf 88' lang='lat' dir='ltr'><strong>tandum</strong></span> <span class='ocrx_word' id='word_1_368' title='bbox 355 4258 397 4306; x_wconf 83' lang='grc' dir='ltr'><strong>εει</strong></span> <span class='ocrx_word' id='word_1_369' title='bbox 417 4265 478 4321; x_wconf 87' lang='lat' dir='ltr'><strong>quta</strong></span> <span class='ocrx_word' id='word_1_370' title='bbox 491 4263 584 4303; x_wconf 83' lang='lat' dir='ltr'><strong>omnes</strong></span> <span class='ocrx_word' id='word_1_371' title='bbox 599 4247 673 4319; x_wconf 88' lang='lat' dir='ltr'><strong>impii</strong></span> <span class='ocrx_word' id='word_1_372' title='bbox 687 4246 830 4302; x_wconf 84' lang='lat' dir='ltr'><strong>Dominum</strong></span> <span class='ocrx_word' id='word_1_373' title='bbox 846 4261 898 4301; x_wconf 94' lang='lat' dir='ltr'><strong>non</strong></span> <span class='ocrx_word' id='word_1_374' title='bbox 921 4263 1024 4316; x_wconf 75' lang='lat' dir='ltr'><strong>quare·</strong></span> 
     </span>
     <span class='ocr_line' id='line_1_47' title="bbox 233 4337 1028 4413; baseline -0.003 -15"><span class='ocrx_word' id='word_1_375' title='bbox 233 4343 308 4411; x_wconf 87' lang='lat' dir='ltr'><strong>bant,</strong></span> <span class='ocrx_word' id='word_1_376' title='bbox 331 4352 360 4398; x_wconf 93' lang='lat' dir='ltr'><strong>et</strong></span> <span class='ocrx_word' id='word_1_377' title='bbox 385 4343 443 4413; x_wconf 90' lang='lat' dir='ltr'><strong>ipse</strong></span> <span class='ocrx_word' id='word_1_378' title='bbox 471 4339 531 4398; x_wconf 89' lang='lat' dir='ltr'><strong>illos</strong></span> <span class='ocrx_word' id='word_1_379' title='bbox 556 4357 608 4395; x_wconf 91' lang='lat' dir='ltr'><strong>non</strong></span> <span class='ocrx_word' id='word_1_380' title='bbox 635 4348 786 4411; x_wconf 76' lang='lat' dir='ltr'><strong>querentes</strong></span> <span class='ocrx_word' id='word_1_381' title='bbox 810 4339 942 4409; x_wconf 75' lang='lat' dir='ltr'><strong>«quesivit,</strong></span> <span class='ocrx_word' id='word_1_382' title='bbox 970 4337 1028 4410; x_wconf 88' lang='lat' dir='ltr'><strong>ipsc</strong></span> 
     </span>
     <span class='ocr_line' id='line_1_48' title="bbox 233 4430 1027 4501; baseline 0.001 -15"><span class='ocrx_word' id='word_1_383' title='bbox 233 4433 355 4486; x_wconf 86' lang='lat' dir='ltr'><strong>iuventus</strong></span> <span class='ocrx_word' id='word_1_384' title='bbox 364 4432 499 4498; x_wconf 84' lang='lat' dir='ltr'><strong>excitarit,</strong></span> <span class='ocrx_word' id='word_1_385' title='bbox 514 4432 571 4501; x_wconf 86' lang='lat' dir='ltr'><strong>ipse</strong></span> <span class='ocrx_word' id='word_1_386' title='bbox 583 4432 711 4487; x_wconf 81' lang='lat' dir='ltr'><strong>excitatos</strong></span> <span class='ocrx_word' id='word_1_387' title='bbox 723 4432 838 4500; x_wconf 80' lang='lat' dir='ltr'><strong>vocarit,</strong></span> <span class='ocrx_word' id='word_1_388' title='bbox 849 4430 906 4501; x_wconf 90' lang='lat' dir='ltr'><strong>ipse</strong></span> <span class='ocrx_word' id='word_1_389' title='bbox 917 4439 1027 4487; x_wconf 84' lang='lat' dir='ltr'><strong>vocatas</strong></span> 
     </span>
     <span class='ocr_line' id='line_1_49' title="bbox 233 4520 1026 4592; baseline 0.004 -17"><span class='ocrx_word' id='word_1_390' title='bbox 233 4520 390 4590; x_wconf 77' lang='lat' dir='ltr'><strong>introduxit,</strong></span> <span class='ocrx_word' id='word_1_391' title='bbox 402 4531 430 4578; x_wconf 90' lang='lat' dir='ltr'><strong>et</strong></span> <span class='ocrx_word' id='word_1_392' title='bbox 445 4522 472 4576; x_wconf 83' lang='lat' dir='ltr'><strong>&#39;ru</strong></span> <span class='ocrx_word' id='word_1_393' title='bbox 488 4522 568 4577; x_wconf 92' lang='lat' dir='ltr'><strong>dorna</strong></span> <span class='ocrx_word' id='word_1_394' title='bbox 580 4524 629 4577; x_wconf 87' lang='lat' dir='ltr'><strong>sria</strong></span> <span class='ocrx_word' id='word_1_395' title='bbox 642 4532 714 4577; x_wconf 90' lang='lat' dir='ltr'><strong>stare</strong></span> <span class='ocrx_word' id='word_1_396' title='bbox 728 4520 810 4576; x_wconf 78' lang='lat' dir='ltr'><strong>lecit?</strong></span> <span class='ocrx_word' id='word_1_397' title='bbox 830 4522 893 4577; x_wconf 80' lang='lat' dir='ltr'><strong>llaec</strong></span> <span class='ocrx_word' id='word_1_398' title='bbox 905 4523 1026 4592; x_wconf 85' lang='lat' dir='ltr'><strong>quisquis</strong></span> 
     </span>
     <span class='ocr_line' id='line_1_50' title="bbox 232 4610 1028 4684; baseline -0.001 -13"><span class='ocrx_word' id='word_1_399' title='bbox 232 4615 330 4684; x_wconf 78' lang='lat' dir='ltr'><strong>cogitat</strong></span> <span class='ocrx_word' id='word_1_400' title='bbox 350 4620 378 4669; x_wconf 90' lang='lat' dir='ltr'><strong>et</strong></span> <span class='ocrx_word' id='word_1_401' title='bbox 397 4614 515 4683; x_wconf 79' lang='lat' dir='ltr'><strong>ingratus</strong></span> <span class='ocrx_word' id='word_1_402' title='bbox 529 4620 647 4680; x_wconf 85' lang='lat' dir='ltr'><strong>nonest,</strong></span> <span class='ocrx_word' id='word_1_403' title='bbox 662 4612 771 4667; x_wconf 91' lang='lat' dir='ltr'><strong>omnino</strong></span> <span class='ocrx_word' id='word_1_404' title='bbox 784 4610 897 4682; x_wconf 77' lang='lat' dir='ltr'><strong>despicit</strong></span> <span class='ocrx_word' id='word_1_405' title='bbox 918 4628 947 4669; x_wconf 94' lang='lat' dir='ltr'><strong>se</strong></span> <span class='ocrx_word' id='word_1_406' title='bbox 971 4628 1028 4682; x_wconf 85' lang='lat' dir='ltr'><strong>prae</strong></span> 
     </span>
     <span class='ocr_line' id='line_1_51' title="bbox 235 4704 1028 4776; baseline 0.001 -16"><span class='ocrx_word' id='word_1_407' title='bbox 235 4721 326 4762; x_wconf 89' lang='lat' dir='ltr'><strong>amore</strong></span> <span class='ocrx_word' id='word_1_408' title='bbox 340 4704 447 4762; x_wconf 88' lang='lat' dir='ltr'><strong>Domini</strong></span> <span class='ocrx_word' id='word_1_409' title='bbox 467 4706 519 4770; x_wconf 90' lang='lat' dir='ltr'><strong>sui,</strong></span> <span class='ocrx_word' id='word_1_410' title='bbox 535 4721 549 4759; x_wconf 94' lang='lat' dir='ltr'><strong>a</strong></span> <span class='ocrx_word' id='word_1_411' title='bbox 563 4721 616 4776; x_wconf 92' lang='lat' dir='ltr'><strong>quo</strong></span> <span class='ocrx_word' id='word_1_412' title='bbox 628 4704 679 4760; x_wconf 86' lang='lat' dir='ltr'><strong>sibi</strong></span> <span class='ocrx_word' id='word_1_413' title='bbox 693 4712 765 4759; x_wconf 92' lang='lat' dir='ltr'><strong>tanta</strong></span> <span class='ocrx_word' id='word_1_414' title='bbox 780 4704 898 4773; x_wconf 74' lang='lat' dir='ltr'><strong>praestita</strong></span> <span class='ocrx_word' id='word_1_415' title='bbox 912 4712 1028 4761; x_wconf 81' lang='lat' dir='ltr'><strong>strntret</strong></span> 
     </span>
     <span class='ocr_line' id='line_1_52' title="bbox 233 4796 1027 4872; baseline 0 -19"><span class='ocrx_word' id='word_1_416' title='bbox 233 4800 358 4872; x_wconf 89' lang='lat' dir='ltr'><strong>quoniam</strong></span> <span class='ocrx_word' id='word_1_417' title='bbox 382 4803 437 4855; x_wconf 91' lang='lat' dir='ltr'><strong>non</strong></span> <span class='ocrx_word' id='word_1_418' title='bbox 457 4796 537 4854; x_wconf 88' lang='lat' dir='ltr'><strong>lrabet</strong></span> <span class='ocrx_word' id='word_1_419' title='bbox 557 4797 620 4870; x_wconf 91' lang='lat' dir='ltr'><strong>quid</strong></span> <span class='ocrx_word' id='word_1_420' title='bbox 637 4812 692 4867; x_wconf 81' lang='lat' dir='ltr'><strong>,pro</strong></span> <span class='ocrx_word' id='word_1_421' title='bbox 714 4798 795 4852; x_wconf 89' lang='lat' dir='ltr'><strong>tantis</strong></span> <span class='ocrx_word' id='word_1_422' title='bbox 810 4796 947 4853; x_wconf 81' lang='lat' dir='ltr'><strong>benefieiis</strong></span> <span class='ocrx_word' id='word_1_423' title='bbox 971 4798 1027 4853; x_wconf 82' lang='lat' dir='ltr'><strong>nea</strong></span> 
     </span>
     <span class='ocr_line' id='line_1_53' title="bbox 232 4889 1025 4962; baseline 0 -16"><span class='ocrx_word' id='word_1_424' title='bbox 232 4889 372 4958; x_wconf 84' lang='lat' dir='ltr'><strong>retrr&#39;buat,</strong></span> <span class='ocrx_word' id='word_1_425' title='bbox 387 4890 449 4962; x_wconf 93' lang='lat' dir='ltr'><strong>quid</strong></span> <span class='ocrx_word' id='word_1_426' title='bbox 470 4889 496 4945; x_wconf 89' lang='lat' dir='ltr'><strong>ei</strong></span> <span class='ocrx_word' id='word_1_427' title='bbox 519 4899 602 4946; x_wconf 90' lang='lat' dir='ltr'><strong>restat</strong></span> <span class='ocrx_word' id='word_1_428' title='bbox 624 4889 675 4945; x_wconf 88' lang='lat' dir='ltr'><strong>uisi</strong></span> <span class='ocrx_word' id='word_1_429' title='bbox 690 4890 789 4961; x_wconf 84' lang='lat' dir='ltr'><strong>gratias</strong></span> <span class='ocrx_word' id='word_1_430' title='bbox 806 4904 895 4961; x_wconf 81' lang='lat' dir='ltr'><strong>agere,</strong></span> <span class='ocrx_word' id='word_1_431' title='bbox 912 4906 965 4945; x_wconf 91' lang='lat' dir='ltr'><strong>non</strong></span> <span class='ocrx_word' id='word_1_432' title='bbox 979 4904 1025 4946; x_wconf 88' lang='lat' dir='ltr'><strong>re·</strong></span> 
     </span>
     <span class='ocr_line' id='line_1_54' title="bbox 234 4980 1027 5065; baseline 0 -28"><span class='ocrx_word' id='word_1_433' title='bbox 234 4980 367 5052; x_wconf 86' lang='lat' dir='ltr'><strong>penderet</strong></span> <span class='ocrx_word' id='word_1_434' title='bbox 382 4981 423 5037; x_wconf 83' lang='lat' dir='ltr'><strong>to</strong></span> <span class='ocrx_word' id='word_1_435' title='bbox 444 4982 528 5051; x_wconf 88' lang='lat' dir='ltr'><strong>ipsam</strong></span> <span class='ocrx_word' id='word_1_436' title='bbox 551 4982 696 5051; x_wconf 75' lang='lat' dir='ltr'><strong>gratianum</strong></span> <span class='ocrx_word' id='word_1_437' title='bbox 711 4982 843 5038; x_wconf 88' lang='lat' dir='ltr'><strong>actionem</strong></span> <span class='ocrx_word' id='word_1_438' title='bbox 858 4983 986 5065; x_wconf 70' lang='lat' dir='ltr'><strong>pertinet,</strong></span> <span class='ocrx_word' id='word_1_439' title='bbox 999 4991 1027 5037; x_wconf 90' lang='lat' dir='ltr'><strong>ct</strong></span> 
     </span>
     <span class='ocr_line' id='line_1_55' title="bbox 230 5071 1023 5145; baseline -0.003 -16"><span class='ocrx_word' id='word_1_440' title='bbox 230 5074 342 5129; x_wconf 83' lang='lat' dir='ltr'><strong>calicem</strong></span> <span class='ocrx_word' id='word_1_441' title='bbox 365 5071 471 5128; x_wconf 80' lang='lat' dir='ltr'><strong>Domini</strong></span> <span class='ocrx_word' id='word_1_442' title='bbox 494 5071 625 5142; x_wconf 91' lang='lat' dir='ltr'><strong>accipere,</strong></span> <span class='ocrx_word' id='word_1_443' title='bbox 642 5080 670 5128; x_wconf 94' lang='lat' dir='ltr'><strong>et</strong></span> <span class='ocrx_word' id='word_1_444' title='bbox 691 5088 787 5129; x_wconf 90' lang='lat' dir='ltr'><strong>nomen</strong></span> <span class='ocrx_word' id='word_1_445' title='bbox 811 5072 868 5145; x_wconf 79' lang='lat' dir='ltr'><strong>ejus</strong></span> <span class='ocrx_word' id='word_1_446' title='bbox 890 5076 1023 5129; x_wconf 73' lang='lat' dir='ltr'><strong>ivn-ocare.</strong></span> 
     </span>
     <span class='ocr_line' id='line_1_56' title="bbox 229 5162 1024 5236; baseline -0.001 -17"><span class='ocrx_word' id='word_1_447' title='bbox 229 5162 299 5231; x_wconf 84' lang='lat' dir='ltr'><strong>Nam</strong></span> <span class='ocrx_word' id='word_1_448' title='bbox 312 5162 374 5235; x_wconf 92' lang='lat' dir='ltr'><strong>quid</strong></span> <span class='ocrx_word' id='word_1_449' title='bbox 388 5163 517 5219; x_wconf 86' lang='lat' dir='ltr'><strong>retribuat</strong></span> <span class='ocrx_word' id='word_1_450' title='bbox 529 5164 641 5220; x_wconf 87' lang='lat' dir='ltr'><strong>Domina</strong></span> <span class='ocrx_word' id='word_1_451' title='bbox 654 5178 757 5231; x_wconf 77' lang='lat' dir='ltr'><strong>servm,</strong></span> <span class='ocrx_word' id='word_1_452' title='bbox 771 5178 820 5236; x_wconf 94' lang='lat' dir='ltr'><strong>pro</strong></span> <span class='ocrx_word' id='word_1_453' title='bbox 830 5166 954 5219; x_wconf 87' lang='lat' dir='ltr'><strong>omnibns</strong></span> <span class='ocrx_word' id='word_1_454' title='bbox 964 5178 1024 5234; x_wconf 79' lang='lat' dir='ltr'><strong>quae</strong></span> 
     </span>
     <span class='ocr_line' id='line_1_57' title="bbox 230 5250 1024 5327; baseline -0.006 -14"><span class='ocrx_word' id='word_1_455' title='bbox 230 5256 353 5313; x_wconf 81' lang='lat' dir='ltr'><strong>retribuit</strong></span> <span class='ocrx_word' id='word_1_456' title='bbox 365 5255 402 5312; x_wconf 89' lang='lat' dir='ltr'><strong>illi</strong></span> <span class='ocrx_word' id='word_1_457' title='bbox 415 5250 501 5327; x_wconf 81' lang='lat' dir='ltr'><strong>(Psoi.</strong></span> <span class='ocrx_word' id='word_1_458' title='bbox 520 5269 584 5323; x_wconf 82' lang='lat' dir='ltr'><strong>cxv,</strong></span> <span class='ocrx_word' id='word_1_459' title='bbox 600 5254 646 5322; x_wconf 75' lang='lat' dir='ltr'><strong>te,</strong></span> <span class='ocrx_word' id='word_1_460' title='bbox 663 5256 708 5325; x_wconf 76' lang='grc'><strong>15)</strong></span> <span class='ocrx_word' id='word_1_461' title='bbox 718 5254 731 5309; x_wconf 82' lang='lat' dir='ltr'><strong>l</strong></span> <span class='ocrx_word' id='word_1_462' title='bbox 743 5254 823 5326; x_wconf 76' lang='lat' dir='ltr'><strong>Ergo,</strong></span> <span class='ocrx_word' id='word_1_463' title='bbox 848 5254 899 5322; x_wconf 86' lang='lat' dir='ltr'><strong>Qui</strong></span> <span class='ocrx_word' id='word_1_464' title='bbox 913 5254 983 5308; x_wconf 89' lang='lat' dir='ltr'><strong>statis</strong></span> <span class='ocrx_word' id='word_1_465' title='bbox 998 5254 1024 5308; x_wconf 85' lang='lat' dir='ltr'><strong>ira</strong></span> 
     </span>
     <span class='ocr_line' id='line_1_58' title="bbox 231 5341 1023 5414; baseline -0.006 -9"><span class='ocrx_word' id='word_1_466' title='bbox 231 5349 306 5405; x_wconf 76' lang='grc' dir='ltr'>ιιεειο</span> <span class='ocrx_word' id='word_1_467' title='bbox 320 5341 435 5413; x_wconf 85' lang='lat' dir='ltr'><strong>Domini,</strong></span> <span class='ocrx_word' id='word_1_468' title='bbox 447 5346 476 5401; x_wconf 88' lang='lat' dir='ltr'><strong>ia</strong></span> <span class='ocrx_word' id='word_1_469' title='bbox 494 5346 567 5402; x_wconf 65' lang='lat' dir='ltr'><strong>eriis</strong></span> <span class='ocrx_word' id='word_1_470' title='bbox 581 5346 672 5402; x_wconf 85' lang='lat' dir='ltr'><strong>damus</strong></span> <span class='ocrx_word' id='word_1_471' title='bbox 683 5345 733 5401; x_wconf 87' lang='lat' dir='ltr'><strong>Dei</strong></span> <span class='ocrx_word' id='word_1_472' title='bbox 744 5345 833 5414; x_wconf 75' lang='lat' dir='ltr'><strong>nostri,</strong></span> <span class='ocrx_word' id='word_1_473' title='bbox 848 5345 950 5400; x_wconf 84' lang='lat' dir='ltr'><strong>laudate</strong></span> <span class='ocrx_word' id='word_1_474' title='bbox 967 5344 1023 5400; x_wconf 92' lang='lat' dir='ltr'><strong>Do·</strong></span> 
     </span>
     <span class='ocr_line' id='line_1_59' title="bbox 229 5456 335 5494; baseline -0.019 -1"><span class='ocrx_word' id='word_1_475' title='bbox 229 5456 335 5494; x_wconf 82' lang='lat' dir='ltr'><strong>manum.</strong></span> 
     </span>
    </p>
   </div>
   <div class='ocr_carea' id='block_1_6' title="bbox 259 5528 1018 5779">
    <p class='ocr_par' dir='ltr' id='par_1_7' title="bbox 261 5528 567 5593">
     <span class='ocr_line' id='line_1_60' title="bbox 261 5528 567 5593; baseline 0.013 -17"><span class='ocrx_word' id='word_1_476' title='bbox 261 5529 270 5561; x_wconf 92' lang='lat'><strong>¹</strong></span> <span class='ocrx_word' id='word_1_477' title='bbox 284 5528 380 5593; x_wconf 76' lang='lat' dir='ltr'><strong>Aliquot</strong></span> <span class='ocrx_word' id='word_1_478' title='bbox 396 5536 462 5591; x_wconf 71' lang='lat' dir='ltr'><strong>Dat,</strong></span> <span class='ocrx_word' id='word_1_479' title='bbox 469 5530 567 5593; x_wconf 74' lang='lat' dir='ltr'><strong>jaceas.</strong></span> 
     </span>
    </p>

    <p class='ocr_par' dir='ltr' id='par_1_8' title="bbox 260 5574 740 5666">
     <span class='ocr_line' id='line_1_61' title="bbox 260 5574 740 5666; baseline 0.006 -27"><span class='ocrx_word' id='word_1_480' title='bbox 260 5591 320 5639; x_wconf 84' lang='lat' dir='ltr'><strong>·stc</strong></span> <span class='ocrx_word' id='word_1_481' title='bbox 332 5588 445 5657; x_wconf 85' lang='lat' dir='ltr'><strong>plartqrre</strong></span> <span class='ocrx_word' id='word_1_482' title='bbox 455 5601 508 5643; x_wconf 76' lang='lat' dir='ltr'><strong>aaa</strong></span> <span class='ocrx_word' id='word_1_483' title='bbox 522 5600 549 5664; x_wconf 73' lang='lat' dir='ltr'><strong>aa</strong></span> <span class='ocrx_word' id='word_1_484' title='bbox 559 5593 629 5666; x_wconf 68' lang='lat' dir='ltr'><strong>eod,</strong></span> <span class='ocrx_word' id='word_1_485' title='bbox 637 5574 740 5643; x_wconf 67' lang='lat' dir='ltr'><strong>marai.</strong></span> 
     </span>
    </p>

    <p class='ocr_par' dir='ltr' id='par_1_9' title="bbox 261 5652 693 5715">
     <span class='ocr_line' id='line_1_62' title="bbox 261 5652 693 5715; baseline 0.007 -15"><span class='ocrx_word' id='word_1_486' title='bbox 261 5652 272 5685; x_wconf 76' lang='lat' dir='ltr'><strong>l</strong></span> <span class='ocrx_word' id='word_1_487' title='bbox 282 5659 382 5715; x_wconf 85' lang='lat' dir='ltr'><strong>septem</strong></span> <span class='ocrx_word' id='word_1_488' title='bbox 393 5660 456 5707; x_wconf 70' lang='grc' dir='ltr'>Ηεε..</span> <span class='ocrx_word' id='word_1_489' title='bbox 474 5666 522 5705; x_wconf 84' lang='lat' dir='ltr'><strong>nott</strong></span> <span class='ocrx_word' id='word_1_490' title='bbox 532 5660 693 5706; x_wconf 71' lang='lat' dir='ltr'><strong>maceratur.</strong></span> 
     </span>
    </p>

    <p class='ocr_par' dir='ltr' id='par_1_10' title="bbox 259 5712 1018 5779">
     <span class='ocr_line' id='line_1_63' title="bbox 259 5712 1018 5779; baseline 0.005 -16"><span class='ocrx_word' id='word_1_491' title='bbox 259 5716 270 5745; x_wconf 79' lang='lat'>⁸</span> <span class='ocrx_word' id='word_1_492' title='bbox 281 5714 318 5765; x_wconf 87' lang='lat' dir='ltr'><strong>sic</strong></span> <span class='ocrx_word' id='word_1_493' title='bbox 328 5713 441 5779; x_wconf 79' lang='lat' dir='ltr'><strong>plerique</strong></span> <span class='ocrx_word' id='word_1_494' title='bbox 451 5716 643 5770; x_wconf 63' lang='lat' dir='ltr'><strong>ascensem:</strong></span> <span class='ocrx_word' id='word_1_495' title='bbox 656 5713 721 5766; x_wconf 78' lang='lat' dir='ltr'><strong>orati</strong></span> <span class='ocrx_word' id='word_1_496' title='bbox 730 5722 848 5776; x_wconf 66' lang='lat' dir='ltr'><strong>estatem</strong></span> <span class='ocrx_word' id='word_1_497' title='bbox 858 5712 918 5779; x_wconf 74' lang='lat' dir='ltr'><strong>saris</strong></span> <span class='ocrx_word' id='word_1_498' title='bbox 926 5722 1018 5767; x_wconf 76' lang='lat' dir='ltr'><strong>erveta.</strong></span> 
     </span>
    </p>
   </div>
   <div class='ocr_carea' id='block_1_7' title="bbox 1076 476 1884 5625">
    <p class='ocr_par' dir='ltr' id='par_1_11' title="bbox 1084 476 1884 3043">
     <span class='ocr_line' id='line_1_64' title="bbox 1090 476 1881 549; baseline -0.006 -13"><span class='ocrx_word' id='word_1_499' title='bbox 1090 482 1215 549; x_wconf 86' lang='lat' dir='ltr'><strong>Quoniam</strong></span> <span class='ocrx_word' id='word_1_500' title='bbox 1228 481 1307 535; x_wconf 83' lang='lat' dir='ltr'><strong>danus</strong></span> <span class='ocrx_word' id='word_1_501' title='bbox 1317 478 1451 533; x_wconf 85' lang='lat' dir='ltr'><strong>Dominus.</strong></span> <span class='ocrx_word' id='word_1_502' title='bbox 1465 476 1585 533; x_wconf 85' lang='lat' dir='ltr'><strong>Breviter</strong></span> <span class='ocrx_word' id='word_1_503' title='bbox 1596 492 1648 531; x_wconf 90' lang='grc' dir='ltr'>ιιιιο</span> <span class='ocrx_word' id='word_1_504' title='bbox 1658 477 1740 533; x_wconf 89' lang='lat' dir='ltr'><strong>verbo</strong></span> <span class='ocrx_word' id='word_1_505' title='bbox 1750 477 1881 547; x_wconf 74' lang='lat' dir='ltr'><strong>explicata</strong></span> 
     </span>
     <span class='ocr_line' id='line_1_65' title="bbox 1088 565 1882 629; baseline -0.008 0"><span class='ocrx_word' id='word_1_506' title='bbox 1088 584 1130 629; x_wconf 85' lang='grc' dir='ltr'><strong>εει</strong></span> <span class='ocrx_word' id='word_1_507' title='bbox 1141 574 1198 629; x_wconf 85' lang='lat' dir='ltr'><strong>lons</strong></span> <span class='ocrx_word' id='word_1_508' title='bbox 1211 570 1317 629; x_wconf 89' lang='lat' dir='ltr'><strong>Domini</strong></span> <span class='ocrx_word' id='word_1_509' title='bbox 1330 571 1376 626; x_wconf 88' lang='lat' dir='ltr'><strong>Dei</strong></span> <span class='ocrx_word' id='word_1_510' title='bbox 1392 571 1476 625; x_wconf 89' lang='lat' dir='ltr'><strong>nostri</strong></span> <span class='ocrx_word' id='word_1_511' title='bbox 1492 588 1498 623; x_wconf 75' lang='grc' dir='ltr'>ε</span> <span class='ocrx_word' id='word_1_512' title='bbox 1513 568 1599 623; x_wconf 81' lang='lat' dir='ltr'><strong>Borrae</strong></span> <span class='ocrx_word' id='word_1_513' title='bbox 1615 568 1748 623; x_wconf 86' lang='lat' dir='ltr'><strong>Dominus.</strong></span> <span class='ocrx_word' id='word_1_514' title='bbox 1764 565 1818 625; x_wconf 82' lang='lat' dir='ltr'><strong>Sed</strong></span> <span class='ocrx_word' id='word_1_515' title='bbox 1833 569 1882 623; x_wconf 84' lang='lat' dir='ltr'><strong>be·</strong></span> 
     </span>
     <span class='ocr_line' id='line_1_66' title="bbox 1089 659 1882 733; baseline -0.008 -12"><span class='ocrx_word' id='word_1_516' title='bbox 1089 681 1150 730; x_wconf 87' lang='grc' dir='ltr'>ιιιιε,</span> <span class='ocrx_word' id='word_1_517' title='bbox 1159 682 1211 721; x_wconf 93' lang='lat' dir='ltr'><strong>non</strong></span> <span class='ocrx_word' id='word_1_518' title='bbox 1221 674 1250 720; x_wconf 94' lang='lat' dir='ltr'><strong>ut</strong></span> <span class='ocrx_word' id='word_1_519' title='bbox 1260 672 1322 720; x_wconf 92' lang='lat' dir='ltr'><strong>sunt</strong></span> <span class='ocrx_word' id='word_1_520' title='bbox 1334 663 1401 719; x_wconf 91' lang='lat' dir='ltr'><strong>bona</strong></span> <span class='ocrx_word' id='word_1_521' title='bbox 1414 679 1474 733; x_wconf 83' lang='lat' dir='ltr'><strong>quae</strong></span> <span class='ocrx_word' id='word_1_522' title='bbox 1487 660 1632 717; x_wconf 68' lang='lat' dir='ltr'><strong>fecialium</strong></span> <span class='ocrx_word' id='word_1_523' title='bbox 1643 659 1704 715; x_wconf 86' lang='lat' dir='ltr'><strong>iecit</strong></span> <span class='ocrx_word' id='word_1_524' title='bbox 1713 660 1882 716; x_wconf 87' lang='lat' dir='ltr'><strong>Deusomnia</strong></span> 
     </span>
     <span class='ocr_line' id='line_1_67' title="bbox 1089 750 1870 831; baseline -0.006 -18"><span class='ocrx_word' id='word_1_525' title='bbox 1089 758 1240 814; x_wconf 81' lang='lat' dir='ltr'><strong>bonavalde</strong></span> <span class='ocrx_word' id='word_1_526' title='bbox 1249 756 1324 831; x_wconf 85' lang='lat' dir='ltr'><strong>(Gen.</strong></span> <span class='ocrx_word' id='word_1_527' title='bbox 1335 774 1354 824; x_wconf 90' lang='lat' dir='ltr'><strong>r,</strong></span> <span class='ocrx_word' id='word_1_528' title='bbox 1365 756 1424 827; x_wconf 72' lang='lat' dir='ltr'><strong>lili:</strong></span> <span class='ocrx_word' id='word_1_529' title='bbox 1435 770 1487 811; x_wconf 92' lang='lat' dir='ltr'><strong>non</strong></span> <span class='ocrx_word' id='word_1_530' title='bbox 1497 759 1598 809; x_wconf 90' lang='lat' dir='ltr'><strong>tanturn</strong></span> <span class='ocrx_word' id='word_1_531' title='bbox 1608 754 1688 821; x_wconf 84' lang='lat' dir='ltr'><strong>berra,</strong></span> <span class='ocrx_word' id='word_1_532' title='bbox 1700 752 1747 809; x_wconf 91' lang='lat' dir='ltr'><strong>sed</strong></span> <span class='ocrx_word' id='word_1_533' title='bbox 1758 757 1786 808; x_wconf 92' lang='grc' dir='ltr'><strong>ει</strong></span> <span class='ocrx_word' id='word_1_534' title='bbox 1793 750 1870 808; x_wconf 84' lang='lat' dir='ltr'><strong>valde</strong></span> 
     </span>
     <span class='ocr_line' id='line_1_68' title="bbox 1088 842 1881 917; baseline -0.006 -13"><span class='ocrx_word' id='word_1_535' title='bbox 1088 849 1191 907; x_wconf 82' lang='lat' dir='ltr'><strong>Cceium</strong></span> <span class='ocrx_word' id='word_1_536' title='bbox 1203 858 1230 907; x_wconf 85' lang='grc' dir='ltr'><strong>ει</strong></span> <span class='ocrx_word' id='word_1_537' title='bbox 1243 859 1339 905; x_wconf 84' lang='lat' dir='ltr'><strong>terram</strong></span> <span class='ocrx_word' id='word_1_538' title='bbox 1352 856 1379 905; x_wconf 89' lang='lat' dir='ltr'><strong>et</strong></span> <span class='ocrx_word' id='word_1_539' title='bbox 1391 848 1480 902; x_wconf 87' lang='lat' dir='ltr'><strong>omrria</strong></span> <span class='ocrx_word' id='word_1_540' title='bbox 1494 862 1553 917; x_wconf 84' lang='lat' dir='ltr'><strong>quae</strong></span> <span class='ocrx_word' id='word_1_541' title='bbox 1568 844 1594 900; x_wconf 92' lang='lat' dir='ltr'><strong>in</strong></span> <span class='ocrx_word' id='word_1_542' title='bbox 1605 846 1645 900; x_wconf 89' lang='lat' dir='ltr'><strong>eis</strong></span> <span class='ocrx_word' id='word_1_543' title='bbox 1656 856 1716 899; x_wconf 85' lang='lat' dir='ltr'><strong>sunt</strong></span> <span class='ocrx_word' id='word_1_544' title='bbox 1727 846 1795 899; x_wconf 85' lang='lat' dir='ltr'><strong>bona</strong></span> <span class='ocrx_word' id='word_1_545' title='bbox 1806 842 1881 908; x_wconf 89' lang='lat' dir='ltr'><strong>iecit,</strong></span> 
     </span>
     <span class='ocr_line' id='line_1_69' title="bbox 1088 930 1883 1007; baseline -0.005 -12"><span class='ocrx_word' id='word_1_546' title='bbox 1088 948 1116 995; x_wconf 90' lang='grc' dir='ltr'><strong>ει</strong></span> <span class='ocrx_word' id='word_1_547' title='bbox 1127 940 1205 997; x_wconf 87' lang='lat' dir='ltr'><strong>valde</strong></span> <span class='ocrx_word' id='word_1_548' title='bbox 1219 940 1288 996; x_wconf 90' lang='lat' dir='ltr'><strong>bona</strong></span> <span class='ocrx_word' id='word_1_549' title='bbox 1303 938 1374 996; x_wconf 89' lang='lat' dir='ltr'><strong>iecit.</strong></span> <span class='ocrx_word' id='word_1_550' title='bbox 1389 938 1415 994; x_wconf 92' lang='lat' dir='ltr'><strong>Si</strong></span> <span class='ocrx_word' id='word_1_551' title='bbox 1438 936 1597 993; x_wconf 83' lang='lat' dir='ltr'><strong>haecomnia</strong></span> <span class='ocrx_word' id='word_1_552' title='bbox 1618 934 1688 992; x_wconf 87' lang='lat' dir='ltr'><strong>bona</strong></span> <span class='ocrx_word' id='word_1_553' title='bbox 1705 936 1776 1001; x_wconf 84' lang='lat' dir='ltr'><strong>iecit,</strong></span> <span class='ocrx_word' id='word_1_554' title='bbox 1794 930 1883 1007; x_wconf 85' lang='lat' dir='ltr'><strong>qualis</strong></span> 
     </span>
     <span class='ocr_line' id='line_1_70' title="bbox 1088 1028 1883 1103; baseline -0.004 -17"><span class='ocrx_word' id='word_1_555' title='bbox 1088 1040 1129 1087; x_wconf 88' lang='lat' dir='ltr'><strong>est</strong></span> <span class='ocrx_word' id='word_1_556' title='bbox 1144 1032 1188 1087; x_wconf 91' lang='lat' dir='ltr'><strong>iile</strong></span> <span class='ocrx_word' id='word_1_557' title='bbox 1202 1032 1246 1103; x_wconf 94' lang='lat' dir='ltr'><strong>qui</strong></span> <span class='ocrx_word' id='word_1_558' title='bbox 1260 1030 1344 1089; x_wconf 86' lang='lat' dir='ltr'><strong>iecitl</strong></span> <span class='ocrx_word' id='word_1_559' title='bbox 1357 1029 1390 1086; x_wconf 80' lang='lat' dir='ltr'><strong>Et</strong></span> <span class='ocrx_word' id='word_1_560' title='bbox 1405 1040 1492 1087; x_wconf 88' lang='lat' dir='ltr'><strong>tamen</strong></span> <span class='ocrx_word' id='word_1_561' title='bbox 1506 1046 1566 1087; x_wconf 89' lang='lat' dir='ltr'><strong>curn</strong></span> <span class='ocrx_word' id='word_1_562' title='bbox 1582 1031 1650 1085; x_wconf 84' lang='lat' dir='ltr'><strong>bona</strong></span> <span class='ocrx_word' id='word_1_563' title='bbox 1666 1028 1770 1094; x_wconf 83' lang='lat' dir='ltr'><strong>iecerit,</strong></span> <span class='ocrx_word' id='word_1_564' title='bbox 1784 1030 1883 1084; x_wconf 87' lang='lat' dir='ltr'><strong>multo-</strong></span> 
     </span>
     <span class='ocr_line' id='line_1_71' title="bbox 1088 1118 1881 1195; baseline -0.001 -17"><span class='ocrx_word' id='word_1_565' title='bbox 1088 1138 1140 1195; x_wconf 87' lang='lat' dir='ltr'><strong>que</strong></span> <span class='ocrx_word' id='word_1_566' title='bbox 1154 1124 1189 1178; x_wconf 88' lang='lat' dir='ltr'><strong>sit</strong></span> <span class='ocrx_word' id='word_1_567' title='bbox 1211 1124 1306 1179; x_wconf 86' lang='lat' dir='ltr'><strong>melior</strong></span> <span class='ocrx_word' id='word_1_568' title='bbox 1319 1122 1364 1194; x_wconf 93' lang='lat' dir='ltr'><strong>qui</strong></span> <span class='ocrx_word' id='word_1_569' title='bbox 1387 1120 1459 1189; x_wconf 87' lang='lat' dir='ltr'><strong>iecit,</strong></span> <span class='ocrx_word' id='word_1_570' title='bbox 1482 1136 1563 1193; x_wconf 91' lang='lat' dir='ltr'><strong>quarn</strong></span> <span class='ocrx_word' id='word_1_571' title='bbox 1578 1122 1627 1177; x_wconf 90' lang='lat' dir='ltr'><strong>ista</strong></span> <span class='ocrx_word' id='word_1_572' title='bbox 1650 1136 1709 1192; x_wconf 79' lang='lat' dir='ltr'><strong>quae</strong></span> <span class='ocrx_word' id='word_1_573' title='bbox 1725 1118 1807 1187; x_wconf 86' lang='lat' dir='ltr'><strong>iecit;</strong></span> <span class='ocrx_word' id='word_1_574' title='bbox 1827 1138 1881 1177; x_wconf 88' lang='lat' dir='ltr'><strong>non</strong></span> 
     </span>
     <span class='ocr_line' id='line_1_72' title="bbox 1088 1212 1884 1286; baseline -0.004 -15"><span class='ocrx_word' id='word_1_575' title='bbox 1088 1216 1190 1271; x_wconf 82' lang='lat' dir='ltr'><strong>invenis</strong></span> <span class='ocrx_word' id='word_1_576' title='bbox 1203 1216 1299 1271; x_wconf 89' lang='lat' dir='ltr'><strong>melius</strong></span> <span class='ocrx_word' id='word_1_577' title='bbox 1316 1212 1387 1286; x_wconf 86' lang='lat' dir='ltr'><strong>quod</strong></span> <span class='ocrx_word' id='word_1_578' title='bbox 1401 1213 1435 1269; x_wconf 93' lang='lat' dir='ltr'><strong>de</strong></span> <span class='ocrx_word' id='word_1_579' title='bbox 1448 1212 1493 1269; x_wconf 90' lang='lat' dir='ltr'><strong>illo</strong></span> <span class='ocrx_word' id='word_1_580' title='bbox 1506 1212 1589 1279; x_wconf 89' lang='lat' dir='ltr'><strong>dicas,</strong></span> <span class='ocrx_word' id='word_1_581' title='bbox 1605 1214 1656 1269; x_wconf 88' lang='lat' dir='ltr'><strong>nisi</strong></span> <span class='ocrx_word' id='word_1_582' title='bbox 1670 1214 1730 1283; x_wconf 84' lang='lat' dir='ltr'><strong>quia</strong></span> <span class='ocrx_word' id='word_1_583' title='bbox 1743 1213 1823 1268; x_wconf 80' lang='lat' dir='ltr'><strong>terras</strong></span> <span class='ocrx_word' id='word_1_584' title='bbox 1845 1221 1884 1268; x_wconf 85' lang='lat' dir='ltr'><strong>est</strong></span> 
     </span>
     <span class='ocr_line' id='line_1_73' title="bbox 1087 1302 1883 1377; baseline -0.003 -15"><span class='ocrx_word' id='word_1_585' title='bbox 1087 1306 1211 1369; x_wconf 71' lang='lat' dir='ltr'><strong>Daumius</strong></span> <span class='ocrx_word' id='word_1_586' title='bbox 1225 1324 1234 1362; x_wconf 79' lang='lat' dir='ltr'><strong>r</strong></span> <span class='ocrx_word' id='word_1_587' title='bbox 1248 1308 1271 1363; x_wconf 93' lang='lat' dir='ltr'><strong>si</strong></span> <span class='ocrx_word' id='word_1_588' title='bbox 1291 1316 1378 1361; x_wconf 88' lang='lat' dir='ltr'><strong>tamen</strong></span> <span class='ocrx_word' id='word_1_589' title='bbox 1394 1302 1525 1377; x_wconf 73' lang='lat' dir='ltr'><strong>inteiligas</strong></span> <span class='ocrx_word' id='word_1_590' title='bbox 1547 1304 1654 1377; x_wconf 86' lang='lat' dir='ltr'><strong>proprie</strong></span> <span class='ocrx_word' id='word_1_591' title='bbox 1674 1302 1785 1371; x_wconf 85' lang='lat' dir='ltr'><strong>bonum,</strong></span> <span class='ocrx_word' id='word_1_592' title='bbox 1799 1320 1813 1358; x_wconf 90' lang='lat' dir='ltr'><strong>a</strong></span> <span class='ocrx_word' id='word_1_593' title='bbox 1828 1319 1883 1376; x_wconf 94' lang='lat' dir='ltr'><strong>quo</strong></span> 
     </span>
     <span class='ocr_line' id='line_1_74' title="bbox 1087 1398 1883 1469; baseline -0.001 -14"><span class='ocrx_word' id='word_1_594' title='bbox 1087 1410 1151 1457; x_wconf 87' lang='lat' dir='ltr'><strong>sunt</strong></span> <span class='ocrx_word' id='word_1_595' title='bbox 1163 1411 1259 1456; x_wconf 87' lang='lat' dir='ltr'><strong>caetera</strong></span> <span class='ocrx_word' id='word_1_596' title='bbox 1272 1400 1352 1457; x_wconf 88' lang='lat' dir='ltr'><strong>bona.</strong></span> <span class='ocrx_word' id='word_1_597' title='bbox 1365 1399 1461 1455; x_wconf 80' lang='lat' dir='ltr'><strong>Omnia</strong></span> <span class='ocrx_word' id='word_1_598' title='bbox 1474 1400 1545 1454; x_wconf 91' lang='lat' dir='ltr'><strong>enirn</strong></span> <span class='ocrx_word' id='word_1_599' title='bbox 1568 1399 1636 1455; x_wconf 89' lang='lat' dir='ltr'><strong>bona</strong></span> <span class='ocrx_word' id='word_1_600' title='bbox 1650 1399 1709 1468; x_wconf 88' lang='lat' dir='ltr'><strong>ipse</strong></span> <span class='ocrx_word' id='word_1_601' title='bbox 1729 1398 1810 1453; x_wconf 87' lang='lat' dir='ltr'><strong>iecit:</strong></span> <span class='ocrx_word' id='word_1_602' title='bbox 1825 1398 1883 1469; x_wconf 90' lang='lat' dir='ltr'><strong>ipse</strong></span> 
     </span>
     <span class='ocr_line' id='line_1_75' title="bbox 1087 1487 1879 1569; baseline -0.001 -20"><span class='ocrx_word' id='word_1_603' title='bbox 1087 1502 1128 1549; x_wconf 90' lang='lat' dir='ltr'><strong>est</strong></span> <span class='ocrx_word' id='word_1_604' title='bbox 1140 1492 1225 1548; x_wconf 88' lang='lat' dir='ltr'><strong>bonus</strong></span> <span class='ocrx_word' id='word_1_605' title='bbox 1238 1508 1316 1569; x_wconf 77' lang='lat' dir='ltr'><strong>quern</strong></span> <span class='ocrx_word' id='word_1_606' title='bbox 1331 1508 1410 1548; x_wconf 87' lang='lat' dir='ltr'><strong>nemo</strong></span> <span class='ocrx_word' id='word_1_607' title='bbox 1429 1492 1501 1547; x_wconf 87' lang='lat' dir='ltr'><strong>iecit.</strong></span> <span class='ocrx_word' id='word_1_608' title='bbox 1517 1487 1565 1546; x_wconf 86' lang='lat' dir='ltr'><strong>ille</strong></span> <span class='ocrx_word' id='word_1_609' title='bbox 1580 1490 1650 1547; x_wconf 92' lang='lat' dir='ltr'><strong>bono</strong></span> <span class='ocrx_word' id='word_1_610' title='bbox 1663 1506 1712 1546; x_wconf 89' lang='lat' dir='ltr'><strong>suo</strong></span> <span class='ocrx_word' id='word_1_611' title='bbox 1726 1491 1815 1547; x_wconf 74' lang='lat' dir='ltr'><strong>hirnus</strong></span> <span class='ocrx_word' id='word_1_612' title='bbox 1828 1500 1879 1558; x_wconf 87' lang='lat' dir='ltr'><strong>est,</strong></span> 
     </span>
     <span class='ocr_line' id='line_1_76' title="bbox 1088 1574 1882 1655; baseline -0.005 -14"><span class='ocrx_word' id='word_1_613' title='bbox 1088 1600 1141 1641; x_wconf 91' lang='lat' dir='ltr'><strong>non</strong></span> <span class='ocrx_word' id='word_1_614' title='bbox 1155 1586 1261 1643; x_wconf 88' lang='lat' dir='ltr'><strong>aliunde</strong></span> <span class='ocrx_word' id='word_1_615' title='bbox 1273 1584 1427 1655; x_wconf 90' lang='lat' dir='ltr'><strong>participate</strong></span> <span class='ocrx_word' id='word_1_616' title='bbox 1447 1582 1518 1639; x_wconf 89' lang='lat' dir='ltr'><strong>bono</strong></span> <span class='ocrx_word' id='word_1_617' title='bbox 1531 1601 1537 1637; x_wconf 92' lang='lat'><strong>:</strong></span> <span class='ocrx_word' id='word_1_618' title='bbox 1549 1574 1595 1637; x_wconf 90' lang='lat' dir='ltr'><strong>ilie</strong></span> <span class='ocrx_word' id='word_1_619' title='bbox 1607 1583 1696 1653; x_wconf 88' lang='lat' dir='ltr'><strong>seipso</strong></span> <span class='ocrx_word' id='word_1_620' title='bbox 1710 1582 1781 1639; x_wconf 88' lang='lat' dir='ltr'><strong>boue</strong></span> <span class='ocrx_word' id='word_1_621' title='bbox 1795 1584 1882 1637; x_wconf 87' lang='grc' dir='ltr'>ιιοιιιιε</span> 
     </span>
     <span class='ocr_line' id='line_1_77' title="bbox 1087 1672 1881 1747; baseline -0.005 -13"><span class='ocrx_word' id='word_1_622' title='bbox 1087 1688 1139 1747; x_wconf 83' lang='grc' dir='ltr'>εει,</span> <span class='ocrx_word' id='word_1_623' title='bbox 1155 1694 1209 1734; x_wconf 91' lang='lat' dir='ltr'><strong>nan</strong></span> <span class='ocrx_word' id='word_1_624' title='bbox 1232 1678 1394 1733; x_wconf 72' lang='lat' dir='ltr'><strong>adhaerendo</strong></span> <span class='ocrx_word' id='word_1_625' title='bbox 1413 1676 1488 1731; x_wconf 87' lang='lat' dir='ltr'><strong>alteri</strong></span> <span class='ocrx_word' id='word_1_626' title='bbox 1504 1674 1584 1731; x_wconf 88' lang='lat' dir='ltr'><strong>barre.</strong></span> <span class='ocrx_word' id='word_1_627' title='bbox 1606 1672 1669 1731; x_wconf 81' lang='lat' dir='ltr'><strong>ililri</strong></span> <span class='ocrx_word' id='word_1_628' title='bbox 1684 1686 1772 1730; x_wconf 87' lang='lat' dir='ltr'><strong>autern</strong></span> <span class='ocrx_word' id='word_1_629' title='bbox 1788 1676 1881 1730; x_wconf 73' lang='lat' dir='ltr'><strong>adtrac-</strong></span> 
     </span>
     <span class='ocr_line' id='line_1_78' title="bbox 1088 1763 1882 1841; baseline -0.006 -14"><span class='ocrx_word' id='word_1_630' title='bbox 1088 1786 1148 1829; x_wconf 88' lang='lat' dir='ltr'><strong>rcre</strong></span> <span class='ocrx_word' id='word_1_631' title='bbox 1165 1771 1219 1827; x_wconf 86' lang='lat' dir='ltr'><strong>Deo</strong></span> <span class='ocrx_word' id='word_1_632' title='bbox 1234 1770 1333 1827; x_wconf 86' lang='lat' dir='ltr'><strong>barrum</strong></span> <span class='ocrx_word' id='word_1_633' title='bbox 1355 1777 1397 1825; x_wconf 89' lang='lat' dir='ltr'><strong>est</strong></span> <span class='ocrx_word' id='word_1_634' title='bbox 1409 1766 1495 1841; x_wconf 83' lang='lat' dir='ltr'><strong>(Paul.</strong></span> <span class='ocrx_word' id='word_1_635' title='bbox 1511 1784 1591 1829; x_wconf 76' lang='lat' dir='ltr'><strong>trau,</strong></span> <span class='ocrx_word' id='word_1_636' title='bbox 1608 1763 1665 1841; x_wconf 74' lang='lat'><strong>28),</strong></span> <span class='ocrx_word' id='word_1_637' title='bbox 1682 1764 1728 1838; x_wconf 92' lang='lat' dir='ltr'><strong>qui</strong></span> <span class='ocrx_word' id='word_1_638' title='bbox 1742 1782 1793 1821; x_wconf 84' lang='lat' dir='ltr'><strong>raon</strong></span> <span class='ocrx_word' id='word_1_639' title='bbox 1810 1768 1882 1839; x_wconf 75' lang='lat' dir='ltr'><strong>equit</strong></span> 
     </span>
     <span class='ocr_line' id='line_1_79' title="bbox 1087 1858 1884 1941; baseline -0.005 -22"><span class='ocrx_word' id='word_1_640' title='bbox 1087 1880 1101 1919; x_wconf 90' lang='lat' dir='ltr'><strong>a</strong></span> <span class='ocrx_word' id='word_1_641' title='bbox 1115 1880 1168 1935; x_wconf 90' lang='lat' dir='ltr'><strong>qao</strong></span> <span class='ocrx_word' id='word_1_642' title='bbox 1182 1864 1370 1930; x_wconf 77' lang='lat' dir='ltr'><strong>fieretbonus3</strong></span> <span class='ocrx_word' id='word_1_643' title='bbox 1384 1861 1431 1918; x_wconf 89' lang='lat' dir='ltr'><strong>sed</strong></span> <span class='ocrx_word' id='word_1_644' title='bbox 1441 1870 1571 1941; x_wconf 78' lang='lat' dir='ltr'><strong>eguerunt</strong></span> <span class='ocrx_word' id='word_1_645' title='bbox 1583 1858 1627 1916; x_wconf 92' lang='lat' dir='ltr'><strong>illa</strong></span> <span class='ocrx_word' id='word_1_646' title='bbox 1640 1868 1737 1917; x_wconf 77' lang='lat' dir='ltr'><strong>autera</strong></span> <span class='ocrx_word' id='word_1_647' title='bbox 1747 1870 1776 1915; x_wconf 90' lang='lat' dir='ltr'><strong>et</strong></span> <span class='ocrx_word' id='word_1_648' title='bbox 1789 1860 1884 1916; x_wconf 82' lang='lat' dir='ltr'><strong>fierent</strong></span> 
     </span>
     <span class='ocr_line' id='line_1_80' title="bbox 1087 1951 1882 2023; baseline -0.003 -14"><span class='ocrx_word' id='word_1_649' title='bbox 1087 1954 1165 2009; x_wconf 88' lang='lat' dir='ltr'><strong>bana.</strong></span> <span class='ocrx_word' id='word_1_650' title='bbox 1184 1954 1267 2009; x_wconf 83' lang='lat' dir='ltr'><strong>Vultis</strong></span> <span class='ocrx_word' id='word_1_651' title='bbox 1281 1954 1373 2009; x_wconf 90' lang='lat' dir='ltr'><strong>audire</strong></span> <span class='ocrx_word' id='word_1_652' title='bbox 1386 1968 1464 2023; x_wconf 89' lang='lat' dir='ltr'><strong>quarn</strong></span> <span class='ocrx_word' id='word_1_653' title='bbox 1481 1951 1650 2023; x_wconf 84' lang='lat' dir='ltr'><strong>singulariter</strong></span> <span class='ocrx_word' id='word_1_654' title='bbox 1664 1952 1708 2007; x_wconf 90' lang='lat' dir='ltr'><strong>ille</strong></span> <span class='ocrx_word' id='word_1_655' title='bbox 1723 1953 1757 2007; x_wconf 89' lang='lat' dir='ltr'><strong>sit</strong></span> <span class='ocrx_word' id='word_1_656' title='bbox 1771 1952 1882 2008; x_wconf 81' lang='lat' dir='ltr'><strong>bonus?</strong></span> 
     </span>
     <span class='ocr_line' id='line_1_81' title="bbox 1087 2040 1883 2117; baseline -0.005 -15"><span class='ocrx_word' id='word_1_657' title='bbox 1087 2047 1215 2103; x_wconf 86' lang='lat' dir='ltr'><strong>Dominus</strong></span> <span class='ocrx_word' id='word_1_658' title='bbox 1236 2047 1414 2117; x_wconf 74' lang='lat' dir='ltr'><strong>interrogatus</strong></span> <span class='ocrx_word' id='word_1_659' title='bbox 1434 2042 1511 2112; x_wconf 76' lang='lat' dir='ltr'><strong>dixit,</strong></span> <span class='ocrx_word' id='word_1_660' title='bbox 1538 2040 1792 2108; x_wconf 61' lang='lat' dir='ltr'><strong>Nemetocennam</strong></span> <span class='ocrx_word' id='word_1_661' title='bbox 1814 2060 1883 2098; x_wconf 85' lang='lat' dir='ltr'><strong>unus</strong></span> 
     </span>
     <span class='ocr_line' id='line_1_82' title="bbox 1086 2131 1881 2211; baseline -0.001 -18"><span class='ocrx_word' id='word_1_662' title='bbox 1086 2138 1156 2194; x_wconf 86' lang='lat' dir='ltr'><strong>Deus</strong></span> <span class='ocrx_word' id='word_1_663' title='bbox 1169 2138 1273 2211; x_wconf 80' lang='lat' dir='ltr'><strong>(Martia.</strong></span> <span class='ocrx_word' id='word_1_664' title='bbox 1291 2154 1351 2206; x_wconf 74' lang='grc' dir='ltr'>ιιι,</span> <span class='ocrx_word' id='word_1_665' title='bbox 1366 2138 1420 2209; x_wconf 79' lang='grc' dir='ltr'><strong>ΓΙ).</strong></span> <span class='ocrx_word' id='word_1_666' title='bbox 1435 2136 1509 2193; x_wconf 83' lang='lat' dir='ltr'><strong>Hanc</strong></span> <span class='ocrx_word' id='word_1_667' title='bbox 1529 2131 1739 2206; x_wconf 79' lang='lat' dir='ltr'><strong>singularitatem</strong></span> <span class='ocrx_word' id='word_1_668' title='bbox 1753 2136 1881 2192; x_wconf 86' lang='lat' dir='ltr'><strong>bonitatis</strong></span> 
     </span>
     <span class='ocr_line' id='line_1_83' title="bbox 1086 2226 1881 2305; baseline -0.008 -17"><span class='ocrx_word' id='word_1_669' title='bbox 1086 2234 1154 2305; x_wconf 81' lang='lat' dir='ltr'><strong>ejus,</strong></span> <span class='ocrx_word' id='word_1_670' title='bbox 1166 2241 1193 2287; x_wconf 90' lang='lat' dir='ltr'><strong>et</strong></span> <span class='ocrx_word' id='word_1_671' title='bbox 1205 2230 1342 2301; x_wconf 77' lang='lat' dir='ltr'><strong>praeterire</strong></span> <span class='ocrx_word' id='word_1_672' title='bbox 1356 2230 1472 2286; x_wconf 88' lang='lat' dir='ltr'><strong>breviter</strong></span> <span class='ocrx_word' id='word_1_673' title='bbox 1484 2226 1557 2293; x_wconf 92' lang='lat' dir='ltr'><strong>nolo,</strong></span> <span class='ocrx_word' id='word_1_674' title='bbox 1573 2238 1599 2282; x_wconf 93' lang='grc' dir='ltr'><strong>ει</strong></span> <span class='ocrx_word' id='word_1_675' title='bbox 1612 2226 1800 2282; x_wconf 85' lang='lat' dir='ltr'><strong>corrrnrendare</strong></span> <span class='ocrx_word' id='word_1_676' title='bbox 1814 2242 1881 2283; x_wconf 89' lang='lat' dir='ltr'><strong>corr-</strong></span> 
     </span>
     <span class='ocr_line' id='line_1_84' title="bbox 1085 2318 1881 2397; baseline -0.003 -19"><span class='ocrx_word' id='word_1_677' title='bbox 1085 2341 1151 2397; x_wconf 79' lang='lat' dir='ltr'><strong>grue</strong></span> <span class='ocrx_word' id='word_1_678' title='bbox 1166 2341 1218 2380; x_wconf 88' lang='lat' dir='ltr'><strong>tren</strong></span> <span class='ocrx_word' id='word_1_679' title='bbox 1242 2324 1356 2379; x_wconf 84' lang='lat' dir='ltr'><strong>solticio.</strong></span> <span class='ocrx_word' id='word_1_680' title='bbox 1379 2320 1466 2378; x_wconf 85' lang='lat' dir='ltr'><strong>lletuo</strong></span> <span class='ocrx_word' id='word_1_681' title='bbox 1489 2337 1523 2376; x_wconf 90' lang='lat' dir='ltr'><strong>ne</strong></span> <span class='ocrx_word' id='word_1_682' title='bbox 1543 2321 1565 2377; x_wconf 86' lang='lat' dir='ltr'><strong>si</strong></span> <span class='ocrx_word' id='word_1_683' title='bbox 1580 2318 1642 2375; x_wconf 86' lang='lat' dir='ltr'><strong>irinc</strong></span> <span class='ocrx_word' id='word_1_684' title='bbox 1656 2320 1709 2375; x_wconf 91' lang='lat' dir='ltr'><strong>cito</strong></span> <span class='ocrx_word' id='word_1_685' title='bbox 1726 2322 1881 2390; x_wconf 88' lang='lat' dir='ltr'><strong>transiero,</strong></span> 
     </span>
     <span class='ocr_line' id='line_1_85' title="bbox 1086 2411 1882 2489; baseline -0.006 -15"><span class='ocrx_word' id='word_1_686' title='bbox 1086 2433 1136 2489; x_wconf 75' lang='lat' dir='ltr'><strong>ego</strong></span> <span class='ocrx_word' id='word_1_687' title='bbox 1149 2418 1267 2489; x_wconf 81' lang='lat' dir='ltr'><strong>ingratus</strong></span> <span class='ocrx_word' id='word_1_688' title='bbox 1283 2417 1401 2473; x_wconf 86' lang='lat' dir='ltr'><strong>inveniar</strong></span> <span class='ocrx_word' id='word_1_689' title='bbox 1416 2433 1423 2469; x_wconf 76' lang='grc' dir='ltr'><strong>ε</strong></span> <span class='ocrx_word' id='word_1_690' title='bbox 1439 2414 1501 2471; x_wconf 88' lang='lat' dir='ltr'><strong>item</strong></span> <span class='ocrx_word' id='word_1_691' title='bbox 1523 2423 1615 2469; x_wconf 89' lang='lat' dir='ltr'><strong>metuo</strong></span> <span class='ocrx_word' id='word_1_692' title='bbox 1637 2428 1670 2467; x_wconf 89' lang='lat' dir='ltr'><strong>ne</strong></span> <span class='ocrx_word' id='word_1_693' title='bbox 1685 2411 1736 2467; x_wconf 88' lang='lat' dir='ltr'><strong>hoc</strong></span> <span class='ocrx_word' id='word_1_694' title='bbox 1758 2428 1818 2467; x_wconf 91' lang='lat' dir='ltr'><strong>curn</strong></span> <span class='ocrx_word' id='word_1_695' title='bbox 1834 2430 1882 2469; x_wconf 85' lang='lat' dir='ltr'><strong>cx·</strong></span> 
     </span>
     <span class='ocr_line' id='line_1_86' title="bbox 1086 2504 1881 2583; baseline -0.005 -18"><span class='ocrx_word' id='word_1_696' title='bbox 1086 2511 1236 2583; x_wconf 88' lang='lat' dir='ltr'><strong>plicaudum</strong></span> <span class='ocrx_word' id='word_1_697' title='bbox 1261 2524 1424 2581; x_wconf 84' lang='lat' dir='ltr'><strong>suscepere,</strong></span> <span class='ocrx_word' id='word_1_698' title='bbox 1448 2508 1498 2564; x_wconf 81' lang='lat' dir='ltr'><strong>sub</strong></span> <span class='ocrx_word' id='word_1_699' title='bbox 1523 2515 1596 2562; x_wconf 90' lang='lat' dir='ltr'><strong>tanta</strong></span> <span class='ocrx_word' id='word_1_700' title='bbox 1623 2504 1709 2560; x_wconf 82' lang='lat' dir='ltr'><strong>laudis</strong></span> <span class='ocrx_word' id='word_1_701' title='bbox 1736 2504 1881 2561; x_wconf 72' lang='lat' dir='ltr'><strong>dominicae</strong></span> 
     </span>
     <span class='ocr_line' id='line_1_87' title="bbox 1086 2599 1882 2675; baseline -0.005 -16"><span class='ocrx_word' id='word_1_702' title='bbox 1086 2607 1188 2661; x_wconf 87' lang='lat' dir='ltr'><strong>sarcina</strong></span> <span class='ocrx_word' id='word_1_703' title='bbox 1200 2604 1339 2675; x_wconf 72' lang='lat' dir='ltr'><strong>defatiger.</strong></span> <span class='ocrx_word' id='word_1_704' title='bbox 1355 2603 1399 2659; x_wconf 88' lang='lat' dir='ltr'><strong>Sic</strong></span> <span class='ocrx_word' id='word_1_705' title='bbox 1414 2612 1513 2670; x_wconf 84' lang='lat' dir='ltr'><strong>tamen,</strong></span> <span class='ocrx_word' id='word_1_706' title='bbox 1537 2600 1643 2667; x_wconf 85' lang='lat' dir='ltr'><strong>iratres,</strong></span> <span class='ocrx_word' id='word_1_707' title='bbox 1664 2599 1776 2671; x_wconf 88' lang='lat' dir='ltr'><strong>accipite</strong></span> <span class='ocrx_word' id='word_1_708' title='bbox 1791 2615 1834 2654; x_wconf 87' lang='lat' dir='ltr'><strong>ure</strong></span> <span class='ocrx_word' id='word_1_709' title='bbox 1853 2608 1882 2655; x_wconf 92' lang='lat' dir='ltr'><strong>et</strong></span> 
     </span>
     <span class='ocr_line' id='line_1_88' title="bbox 1086 2692 1882 2763; baseline -0.004 -11"><span class='ocrx_word' id='word_1_710' title='bbox 1086 2697 1236 2753; x_wconf 86' lang='lat' dir='ltr'><strong>laudantem</strong></span> <span class='ocrx_word' id='word_1_711' title='bbox 1250 2706 1276 2750; x_wconf 86' lang='lat' dir='ltr'><strong>et</strong></span> <span class='ocrx_word' id='word_1_712' title='bbox 1291 2712 1342 2749; x_wconf 88' lang='grc' dir='ltr'>ιιοιι</span> <span class='ocrx_word' id='word_1_713' title='bbox 1355 2692 1540 2763; x_wconf 80' lang='lat' dir='ltr'><strong>sufficientem,</strong></span> <span class='ocrx_word' id='word_1_714' title='bbox 1555 2704 1584 2751; x_wconf 93' lang='lat' dir='ltr'><strong>ut</strong></span> <span class='ocrx_word' id='word_1_715' title='bbox 1597 2693 1702 2749; x_wconf 86' lang='lat' dir='ltr'><strong>etiamsi</strong></span> <span class='ocrx_word' id='word_1_716' title='bbox 1717 2710 1769 2749; x_wconf 92' lang='lat' dir='ltr'><strong>non</strong></span> <span class='ocrx_word' id='word_1_717' title='bbox 1782 2693 1882 2763; x_wconf 86' lang='lat' dir='ltr'><strong>imple·</strong></span> 
     </span>
     <span class='ocr_line' id='line_1_89' title="bbox 1085 2784 1881 2857; baseline -0.001 -15"><span class='ocrx_word' id='word_1_718' title='bbox 1085 2796 1128 2843; x_wconf 92' lang='lat' dir='ltr'><strong>tur</strong></span> <span class='ocrx_word' id='word_1_719' title='bbox 1143 2789 1212 2843; x_wconf 90' lang='lat' dir='ltr'><strong>iliius</strong></span> <span class='ocrx_word' id='word_1_720' title='bbox 1233 2787 1318 2842; x_wconf 90' lang='lat' dir='ltr'><strong>laudis</strong></span> <span class='ocrx_word' id='word_1_721' title='bbox 1339 2785 1491 2857; x_wconf 87' lang='lat' dir='ltr'><strong>explicatio,</strong></span> <span class='ocrx_word' id='word_1_722' title='bbox 1506 2794 1660 2857; x_wconf 75' lang='lat' dir='ltr'><strong>acceptetur</strong></span> <span class='ocrx_word' id='word_1_723' title='bbox 1672 2784 1818 2841; x_wconf 86' lang='lat' dir='ltr'><strong>laudatoris</strong></span> <span class='ocrx_word' id='word_1_724' title='bbox 1831 2785 1881 2841; x_wconf 92' lang='lat' dir='ltr'><strong>dc-</strong></span> 
     </span>
     <span class='ocr_line' id='line_1_90' title="bbox 1084 2870 1880 2952; baseline 0 -18"><span class='ocrx_word' id='word_1_725' title='bbox 1084 2882 1166 2936; x_wconf 91' lang='lat' dir='ltr'><strong>votla.</strong></span> <span class='ocrx_word' id='word_1_726' title='bbox 1183 2882 1319 2952; x_wconf 79' lang='lat' dir='ltr'><strong>Approbet</strong></span> <span class='ocrx_word' id='word_1_727' title='bbox 1340 2870 1382 2935; x_wconf 84' lang='lat' dir='ltr'><strong>nr&#39;e</strong></span> <span class='ocrx_word' id='word_1_728' title='bbox 1403 2880 1459 2950; x_wconf 86' lang='lat' dir='ltr'><strong>ipse</strong></span> <span class='ocrx_word' id='word_1_729' title='bbox 1474 2880 1601 2947; x_wconf 87' lang='lat' dir='ltr'><strong>voluisse,</strong></span> <span class='ocrx_word' id='word_1_730' title='bbox 1619 2878 1739 2952; x_wconf 80' lang='lat' dir='ltr'><strong>ignoscat</strong></span> <span class='ocrx_word' id='word_1_731' title='bbox 1753 2896 1805 2935; x_wconf 83' lang='lat' dir='ltr'><strong>raon</strong></span> <span class='ocrx_word' id='word_1_732' title='bbox 1826 2881 1880 2935; x_wconf 91' lang='lat' dir='ltr'><strong>irn-</strong></span> 
     </span>
     <span class='ocr_line' id='line_1_91' title="bbox 1085 2974 1208 3043; baseline -0.008 -16"><span class='ocrx_word' id='word_1_733' title='bbox 1085 2974 1208 3043; x_wconf 86' lang='lat' dir='ltr'><strong>plerisse.</strong></span> 
     </span>
    </p>

    <p class='ocr_par' dir='ltr' id='par_1_12' title="bbox 1076 3062 1881 5625">
     <span class='ocr_line' id='line_1_92' title="bbox 1119 3062 1881 3132; baseline 0.004 -14"><span class='ocrx_word' id='word_1_734' title='bbox 1119 3066 1146 3120; x_wconf 84' lang='lat' dir='ltr'><strong>l.</strong></span> <span class='ocrx_word' id='word_1_735' title='bbox 1165 3062 1292 3119; x_wconf 81' lang='lat' dir='ltr'><strong>ineffabili</strong></span> <span class='ocrx_word' id='word_1_736' title='bbox 1311 3063 1452 3120; x_wconf 89' lang='lat' dir='ltr'><strong>dulcedine</strong></span> <span class='ocrx_word' id='word_1_737' title='bbox 1471 3074 1580 3132; x_wconf 82' lang='lat' dir='ltr'><strong>terreor,</strong></span> <span class='ocrx_word' id='word_1_738' title='bbox 1596 3080 1657 3119; x_wconf 92' lang='lat' dir='ltr'><strong>curn</strong></span> <span class='ocrx_word' id='word_1_739' title='bbox 1679 3064 1773 3127; x_wconf 83' lang='lat' dir='ltr'><strong>audio,</strong></span> <span class='ocrx_word' id='word_1_740' title='bbox 1792 3064 1881 3121; x_wconf 78' lang='lat' dir='ltr'><strong>Dareus</strong></span> 
     </span>
     <span class='ocr_line' id='line_1_93' title="bbox 1083 3154 1880 3229; baseline 0.008 -20"><span class='ocrx_word' id='word_1_741' title='bbox 1083 3154 1225 3221; x_wconf 85' lang='lat' dir='ltr'><strong>Deurirms;</strong></span> <span class='ocrx_word' id='word_1_742' title='bbox 1238 3157 1463 3227; x_wconf 83' lang='lat' dir='ltr'><strong>consideratisque</strong></span> <span class='ocrx_word' id='word_1_743' title='bbox 1476 3159 1598 3213; x_wconf 83' lang='lat' dir='ltr'><strong>omnibns</strong></span> <span class='ocrx_word' id='word_1_744' title='bbox 1611 3170 1638 3213; x_wconf 91' lang='grc' dir='ltr'><strong>ει</strong></span> <span class='ocrx_word' id='word_1_745' title='bbox 1647 3158 1808 3214; x_wconf 81' lang='lat' dir='ltr'><strong>collustratis</strong></span> <span class='ocrx_word' id='word_1_746' title='bbox 1818 3174 1880 3229; x_wconf 85' lang='lat' dir='ltr'><strong>qum</strong></span> 
     </span>
     <span class='ocr_line' id='line_1_94' title="bbox 1084 3246 1880 3318; baseline 0.008 -18"><span class='ocrx_word' id='word_1_747' title='bbox 1084 3246 1230 3302; x_wconf 86' lang='lat' dir='ltr'><strong>inrlrrsecus</strong></span> <span class='ocrx_word' id='word_1_748' title='bbox 1243 3247 1336 3310; x_wconf 83' lang='lat' dir='ltr'><strong>video,</strong></span> <span class='ocrx_word' id='word_1_749' title='bbox 1352 3249 1476 3318; x_wconf 91' lang='lat' dir='ltr'><strong>quoniam</strong></span> <span class='ocrx_word' id='word_1_750' title='bbox 1490 3264 1523 3305; x_wconf 85' lang='lat' dir='ltr'><strong>ex</strong></span> <span class='ocrx_word' id='word_1_751' title='bbox 1535 3250 1594 3318; x_wconf 88' lang='lat' dir='ltr'><strong>ipso</strong></span> <span class='ocrx_word' id='word_1_752' title='bbox 1606 3255 1669 3304; x_wconf 87' lang='lat' dir='ltr'><strong>srrrrt</strong></span> <span class='ocrx_word' id='word_1_753' title='bbox 1679 3250 1782 3313; x_wconf 86' lang='lat' dir='ltr'><strong>omnia,</strong></span> <span class='ocrx_word' id='word_1_754' title='bbox 1798 3251 1880 3306; x_wconf 88' lang='lat' dir='ltr'><strong>ctiam</strong></span> 
     </span>
     <span class='ocr_line' id='line_1_95' title="bbox 1083 3336 1881 3411; baseline 0.005 -18"><span class='ocrx_word' id='word_1_755' title='bbox 1083 3352 1143 3393; x_wconf 89' lang='lat' dir='ltr'><strong>cunr</strong></span> <span class='ocrx_word' id='word_1_756' title='bbox 1157 3336 1221 3391; x_wconf 88' lang='lat' dir='ltr'><strong>milri</strong></span> <span class='ocrx_word' id='word_1_757' title='bbox 1240 3337 1297 3393; x_wconf 78' lang='lat' dir='ltr'><strong>lraec</strong></span> <span class='ocrx_word' id='word_1_758' title='bbox 1310 3340 1424 3411; x_wconf 78' lang='lat' dir='ltr'><strong>placent,</strong></span> <span class='ocrx_word' id='word_1_759' title='bbox 1438 3339 1470 3394; x_wconf 92' lang='lat' dir='ltr'><strong>ad</strong></span> <span class='ocrx_word' id='word_1_760' title='bbox 1486 3340 1561 3395; x_wconf 89' lang='lat' dir='ltr'><strong>illum</strong></span> <span class='ocrx_word' id='word_1_761' title='bbox 1574 3340 1656 3395; x_wconf 88' lang='lat' dir='ltr'><strong>redeo</strong></span> <span class='ocrx_word' id='word_1_762' title='bbox 1669 3356 1684 3393; x_wconf 90' lang='lat' dir='ltr'><strong>a</strong></span> <span class='ocrx_word' id='word_1_763' title='bbox 1698 3336 1750 3411; x_wconf 93' lang='lat' dir='ltr'><strong>quo</strong></span> <span class='ocrx_word' id='word_1_764' title='bbox 1763 3348 1836 3409; x_wconf 89' lang='lat' dir='ltr'><strong>sunt,</strong></span> <span class='ocrx_word' id='word_1_765' title='bbox 1850 3352 1881 3397; x_wconf 90' lang='lat' dir='ltr'><strong>ut</strong></span> 
     </span>
     <span class='ocr_line' id='line_1_96' title="bbox 1083 3426 1880 3499; baseline 0.006 -17"><span class='ocrx_word' id='word_1_766' title='bbox 1083 3426 1226 3498; x_wconf 76' lang='lat' dir='ltr'><strong>intelligam</strong></span> <span class='ocrx_word' id='word_1_767' title='bbox 1239 3428 1359 3499; x_wconf 85' lang='lat' dir='ltr'><strong>quoniam</strong></span> <span class='ocrx_word' id='word_1_768' title='bbox 1374 3428 1452 3484; x_wconf 82' lang='lat' dir='ltr'><strong>barrus</strong></span> <span class='ocrx_word' id='word_1_769' title='bbox 1469 3439 1504 3485; x_wconf 87' lang='lat' dir='ltr'><strong>est</strong></span> <span class='ocrx_word' id='word_1_770' title='bbox 1518 3427 1654 3487; x_wconf 82' lang='lat' dir='ltr'><strong>Dominus.</strong></span> <span class='ocrx_word' id='word_1_771' title='bbox 1669 3430 1783 3487; x_wconf 82' lang='lat' dir='ltr'><strong>Rursum</strong></span> <span class='ocrx_word' id='word_1_772' title='bbox 1795 3473 1803 3498; x_wconf 94' lang='lat'><strong>,</strong></span> <span class='ocrx_word' id='word_1_773' title='bbox 1817 3448 1880 3487; x_wconf 89' lang='lat' dir='ltr'><strong>cunt</strong></span> 
     </span>
     <span class='ocr_line' id='line_1_97' title="bbox 1082 3519 1880 3594; baseline 0.008 -21"><span class='ocrx_word' id='word_1_774' title='bbox 1082 3519 1115 3574; x_wconf 92' lang='lat' dir='ltr'><strong>ad</strong></span> <span class='ocrx_word' id='word_1_775' title='bbox 1129 3520 1217 3587; x_wconf 89' lang='lat' dir='ltr'><strong>illurn,</strong></span> <span class='ocrx_word' id='word_1_776' title='bbox 1233 3530 1359 3589; x_wconf 89' lang='lat' dir='ltr'><strong>quantum</strong></span> <span class='ocrx_word' id='word_1_777' title='bbox 1375 3536 1499 3591; x_wconf 87' lang='lat' dir='ltr'><strong>possum,</strong></span> <span class='ocrx_word' id='word_1_778' title='bbox 1514 3522 1648 3594; x_wconf 79' lang='lat' dir='ltr'><strong>ingressus</strong></span> <span class='ocrx_word' id='word_1_779' title='bbox 1663 3520 1752 3591; x_wconf 85' lang='lat' dir='ltr'><strong>luero,</strong></span> <span class='ocrx_word' id='word_1_780' title='bbox 1767 3524 1880 3580; x_wconf 87' lang='lat' dir='ltr'><strong>interio-</strong></span> 
     </span>
     <span class='ocr_line' id='line_1_98' title="bbox 1082 3610 1881 3687; baseline 0.015 -24"><span class='ocrx_word' id='word_1_781' title='bbox 1082 3626 1138 3665; x_wconf 75' lang='lat' dir='ltr'><strong>rem</strong></span> <span class='ocrx_word' id='word_1_782' title='bbox 1154 3610 1218 3664; x_wconf 86' lang='lat' dir='ltr'><strong>milri</strong></span> <span class='ocrx_word' id='word_1_783' title='bbox 1238 3620 1264 3666; x_wconf 90' lang='lat' dir='ltr'><strong>et</strong></span> <span class='ocrx_word' id='word_1_784' title='bbox 1284 3614 1449 3681; x_wconf 89' lang='lat' dir='ltr'><strong>superiorem</strong></span> <span class='ocrx_word' id='word_1_785' title='bbox 1466 3612 1588 3681; x_wconf 89' lang='lat' dir='ltr'><strong>invenio;</strong></span> <span class='ocrx_word' id='word_1_786' title='bbox 1604 3615 1664 3687; x_wconf 87' lang='lat' dir='ltr'><strong>quia</strong></span> <span class='ocrx_word' id='word_1_787' title='bbox 1680 3615 1718 3671; x_wconf 90' lang='lat' dir='ltr'><strong>sie</strong></span> <span class='ocrx_word' id='word_1_788' title='bbox 1737 3616 1822 3671; x_wconf 89' lang='lat' dir='ltr'><strong>barrns</strong></span> <span class='ocrx_word' id='word_1_789' title='bbox 1837 3626 1881 3675; x_wconf 88' lang='grc' dir='ltr'><strong>εει</strong></span> 
     </span>
     <span class='ocr_line' id='line_1_99' title="bbox 1084 3700 1880 3779; baseline 0.011 -23"><span class='ocrx_word' id='word_1_790' title='bbox 1084 3700 1219 3771; x_wconf 85' lang='lat' dir='ltr'><strong>Dominus,</strong></span> <span class='ocrx_word' id='word_1_791' title='bbox 1232 3710 1260 3759; x_wconf 92' lang='lat' dir='ltr'><strong>ut</strong></span> <span class='ocrx_word' id='word_1_792' title='bbox 1273 3704 1395 3759; x_wconf 81' lang='lat' dir='ltr'><strong>istisnon</strong></span> <span class='ocrx_word' id='word_1_793' title='bbox 1408 3703 1525 3777; x_wconf 80' lang='lat' dir='ltr'><strong>indigeat</strong></span> <span class='ocrx_word' id='word_1_794' title='bbox 1536 3722 1588 3777; x_wconf 92' lang='lat' dir='ltr'><strong>quo</strong></span> <span class='ocrx_word' id='word_1_795' title='bbox 1602 3707 1634 3760; x_wconf 91' lang='lat' dir='ltr'><strong>sit</strong></span> <span class='ocrx_word' id='word_1_796' title='bbox 1648 3706 1743 3762; x_wconf 90' lang='lat' dir='ltr'><strong>bonrrs.</strong></span> <span class='ocrx_word' id='word_1_797' title='bbox 1757 3708 1880 3779; x_wconf 89' lang='lat' dir='ltr'><strong>Denique</strong></span> 
     </span>
     <span class='ocr_line' id='line_1_100' title="bbox 1083 3797 1879 3873; baseline 0.009 -24"><span class='ocrx_word' id='word_1_798' title='bbox 1083 3797 1131 3851; x_wconf 75' lang='lat' dir='ltr'><strong>ista</strong></span> <span class='ocrx_word' id='word_1_799' title='bbox 1147 3812 1198 3852; x_wconf 90' lang='lat' dir='ltr'><strong>non</strong></span> <span class='ocrx_word' id='word_1_800' title='bbox 1214 3798 1293 3853; x_wconf 92' lang='lat' dir='ltr'><strong>laudo</strong></span> <span class='ocrx_word' id='word_1_801' title='bbox 1312 3799 1369 3855; x_wconf 89' lang='lat' dir='ltr'><strong>sine</strong></span> <span class='ocrx_word' id='word_1_802' title='bbox 1388 3799 1449 3866; x_wconf 90' lang='lat' dir='ltr'><strong>ilio;</strong></span> <span class='ocrx_word' id='word_1_803' title='bbox 1466 3797 1538 3854; x_wconf 91' lang='lat' dir='ltr'><strong>illum</strong></span> <span class='ocrx_word' id='word_1_804' title='bbox 1559 3808 1647 3856; x_wconf 89' lang='lat' dir='ltr'><strong>autem</strong></span> <span class='ocrx_word' id='word_1_805' title='bbox 1665 3800 1722 3856; x_wconf 92' lang='lat' dir='ltr'><strong>sine</strong></span> <span class='ocrx_word' id='word_1_806' title='bbox 1741 3800 1798 3856; x_wconf 86' lang='lat' dir='ltr'><strong>istis</strong></span> <span class='ocrx_word' id='word_1_807' title='bbox 1816 3817 1879 3873; x_wconf 91' lang='lat' dir='ltr'><strong>per-</strong></span> 
     </span>
     <span class='ocr_line' id='line_1_101' title="bbox 1082 3888 1879 3961; baseline 0.01 -19"><span class='ocrx_word' id='word_1_808' title='bbox 1082 3888 1195 3956; x_wconf 88' lang='lat' dir='ltr'><strong>lectum,</strong></span> <span class='ocrx_word' id='word_1_809' title='bbox 1217 3906 1269 3945; x_wconf 91' lang='lat' dir='ltr'><strong>non</strong></span> <span class='ocrx_word' id='word_1_810' title='bbox 1288 3890 1422 3961; x_wconf 77' lang='lat' dir='ltr'><strong>indigum,</strong></span> <span class='ocrx_word' id='word_1_811' title='bbox 1437 3890 1698 3958; x_wconf 82' lang='lat' dir='ltr'><strong>incommutabilem,</strong></span> <span class='ocrx_word' id='word_1_812' title='bbox 1714 3890 1811 3949; x_wconf 90' lang='lat' dir='ltr'><strong>nullius</strong></span> <span class='ocrx_word' id='word_1_813' title='bbox 1827 3892 1879 3949; x_wconf 91' lang='lat' dir='ltr'><strong>bo·</strong></span> 
     </span>
     <span class='ocr_line' id='line_1_102' title="bbox 1082 3985 1879 4055; baseline 0.01 -22"><span class='ocrx_word' id='word_1_814' title='bbox 1082 3996 1145 4035; x_wconf 89' lang='lat' dir='ltr'><strong>num</strong></span> <span class='ocrx_word' id='word_1_815' title='bbox 1159 3992 1387 4055; x_wconf 70' lang='lat' dir='ltr'><strong>quercuumque</strong></span> <span class='ocrx_word' id='word_1_816' title='bbox 1404 3994 1541 4055; x_wconf 77' lang='lat' dir='ltr'><strong>ringantur,</strong></span> <span class='ocrx_word' id='word_1_817' title='bbox 1556 3985 1654 4042; x_wconf 89' lang='lat' dir='ltr'><strong>nullius</strong></span> <span class='ocrx_word' id='word_1_818' title='bbox 1670 3986 1767 4041; x_wconf 83' lang='lat' dir='ltr'><strong>rnatum</strong></span> <span class='ocrx_word' id='word_1_819' title='bbox 1782 3986 1879 4043; x_wconf 88' lang='lat' dir='ltr'><strong>timen-</strong></span> 
     </span>
     <span class='ocr_line' id='line_1_103' title="bbox 1083 4075 1879 4149; baseline 0.009 -24"><span class='ocrx_word' id='word_1_820' title='bbox 1083 4081 1134 4129; x_wconf 91' lang='grc' dir='ltr'>ιειιι</span> <span class='ocrx_word' id='word_1_821' title='bbox 1150 4089 1202 4142; x_wconf 92' lang='lat' dir='ltr'><strong>quo</strong></span> <span class='ocrx_word' id='word_1_822' title='bbox 1217 4075 1369 4141; x_wconf 87' lang='lat' dir='ltr'><strong>minuatur,</strong></span> <span class='ocrx_word' id='word_1_823' title='bbox 1387 4076 1502 4130; x_wconf 81' lang='lat' dir='ltr'><strong>invenio.</strong></span> <span class='ocrx_word' id='word_1_824' title='bbox 1519 4076 1552 4131; x_wconf 88' lang='lat' dir='ltr'><strong>Et</strong></span> <span class='ocrx_word' id='word_1_825' title='bbox 1564 4076 1628 4149; x_wconf 92' lang='lat' dir='ltr'><strong>quid</strong></span> <span class='ocrx_word' id='word_1_826' title='bbox 1642 4077 1728 4133; x_wconf 87' lang='lat' dir='ltr'><strong>dicam</strong></span> <span class='ocrx_word' id='word_1_827' title='bbox 1744 4076 1879 4149; x_wconf 81' lang='lat' dir='ltr'><strong>amplius?</strong></span> 
     </span>
     <span class='ocr_line' id='line_1_104' title="bbox 1084 4165 1877 4239; baseline 0.01 -20"><span class='ocrx_word' id='word_1_828' title='bbox 1084 4165 1189 4221; x_wconf 87' lang='lat' dir='ltr'><strong>invenio</strong></span> <span class='ocrx_word' id='word_1_829' title='bbox 1209 4166 1236 4222; x_wconf 93' lang='lat' dir='ltr'><strong>in</strong></span> <span class='ocrx_word' id='word_1_830' title='bbox 1257 4178 1378 4223; x_wconf 86' lang='lat' dir='ltr'><strong>creatura</strong></span> <span class='ocrx_word' id='word_1_831' title='bbox 1399 4168 1496 4224; x_wconf 87' lang='lat' dir='ltr'><strong>coelurn</strong></span> <span class='ocrx_word' id='word_1_832' title='bbox 1520 4170 1636 4238; x_wconf 73' lang='lat' dir='ltr'><strong>brunum,</strong></span> <span class='ocrx_word' id='word_1_833' title='bbox 1656 4170 1739 4227; x_wconf 89' lang='lat' dir='ltr'><strong>solem</strong></span> <span class='ocrx_word' id='word_1_834' title='bbox 1759 4170 1877 4239; x_wconf 88' lang='lat' dir='ltr'><strong>bonum,</strong></span> 
     </span>
     <span class='ocr_line' id='line_1_105' title="bbox 1081 4259 1878 4337; baseline 0.008 -23"><span class='ocrx_word' id='word_1_835' title='bbox 1081 4259 1171 4316; x_wconf 89' lang='lat' dir='ltr'><strong>lunam</strong></span> <span class='ocrx_word' id='word_1_836' title='bbox 1184 4260 1288 4327; x_wconf 88' lang='lat' dir='ltr'><strong>bonam,</strong></span> <span class='ocrx_word' id='word_1_837' title='bbox 1305 4261 1394 4316; x_wconf 89' lang='lat' dir='ltr'><strong>stellas</strong></span> <span class='ocrx_word' id='word_1_838' title='bbox 1410 4260 1508 4326; x_wconf 86' lang='lat' dir='ltr'><strong>borras;</strong></span> <span class='ocrx_word' id='word_1_839' title='bbox 1525 4271 1623 4318; x_wconf 86' lang='lat' dir='ltr'><strong>terram</strong></span> <span class='ocrx_word' id='word_1_840' title='bbox 1639 4264 1745 4329; x_wconf 89' lang='lat' dir='ltr'><strong>bonam,</strong></span> <span class='ocrx_word' id='word_1_841' title='bbox 1761 4282 1821 4336; x_wconf 74' lang='lat' dir='ltr'><strong>qun&gt;</strong></span> <span class='ocrx_word' id='word_1_842' title='bbox 1835 4267 1878 4337; x_wconf 77' lang='lat' dir='ltr'><strong>gi·</strong></span> 
     </span>
     <span class='ocr_line' id='line_1_106' title="bbox 1080 4352 1878 4427; baseline 0.011 -23"><span class='ocrx_word' id='word_1_843' title='bbox 1080 4359 1198 4421; x_wconf 79' lang='lat' dir='ltr'><strong>gnrrntur</strong></span> <span class='ocrx_word' id='word_1_844' title='bbox 1216 4352 1241 4405; x_wconf 93' lang='lat' dir='ltr'><strong>in</strong></span> <span class='ocrx_word' id='word_1_845' title='bbox 1261 4362 1329 4407; x_wconf 84' lang='lat' dir='ltr'><strong>tarra</strong></span> <span class='ocrx_word' id='word_1_846' title='bbox 1348 4363 1376 4406; x_wconf 89' lang='grc' dir='ltr'><strong>ει</strong></span> <span class='ocrx_word' id='word_1_847' title='bbox 1395 4352 1527 4408; x_wconf 87' lang='lat' dir='ltr'><strong>radicibus</strong></span> <span class='ocrx_word' id='word_1_848' title='bbox 1547 4354 1605 4408; x_wconf 87' lang='lat' dir='ltr'><strong>nixa</strong></span> <span class='ocrx_word' id='word_1_849' title='bbox 1625 4362 1700 4421; x_wconf 90' lang='lat' dir='ltr'><strong>sunt,</strong></span> <span class='ocrx_word' id='word_1_850' title='bbox 1719 4357 1802 4423; x_wconf 77' lang='lat' dir='ltr'><strong>laona;</strong></span> <span class='ocrx_word' id='word_1_851' title='bbox 1817 4372 1878 4427; x_wconf 79' lang='lat' dir='ltr'><strong>quae</strong></span> 
     </span>
     <span class='ocr_line' id='line_1_107' title="bbox 1080 4444 1879 4515; baseline 0.013 -20"><span class='ocrx_word' id='word_1_852' title='bbox 1080 4444 1216 4499; x_wconf 83' lang='lat' dir='ltr'><strong>arrrlrulant</strong></span> <span class='ocrx_word' id='word_1_853' title='bbox 1230 4454 1256 4498; x_wconf 91' lang='grc' dir='ltr'><strong>ει</strong></span> <span class='ocrx_word' id='word_1_854' title='bbox 1271 4451 1418 4510; x_wconf 83' lang='lat' dir='ltr'><strong>urerentur,</strong></span> <span class='ocrx_word' id='word_1_855' title='bbox 1434 4445 1518 4511; x_wconf 86' lang='lat' dir='ltr'><strong>borra;</strong></span> <span class='ocrx_word' id='word_1_856' title='bbox 1535 4462 1593 4515; x_wconf 72' lang='lat' dir='ltr'><strong>quae</strong></span> <span class='ocrx_word' id='word_1_857' title='bbox 1607 4446 1717 4501; x_wconf 86' lang='lat' dir='ltr'><strong>volitant</strong></span> <span class='ocrx_word' id='word_1_858' title='bbox 1731 4448 1757 4501; x_wconf 91' lang='lat' dir='ltr'><strong>in</strong></span> <span class='ocrx_word' id='word_1_859' title='bbox 1773 4462 1835 4503; x_wconf 91' lang='lat' dir='ltr'><strong>aere</strong></span> <span class='ocrx_word' id='word_1_860' title='bbox 1850 4456 1879 4505; x_wconf 85' lang='lat' dir='ltr'><strong>et</strong></span> 
     </span>
     <span class='ocr_line' id='line_1_108' title="bbox 1081 4526 1878 4607; baseline 0.008 -17"><span class='ocrx_word' id='word_1_861' title='bbox 1081 4546 1172 4591; x_wconf 89' lang='lat' dir='ltr'><strong>natant</strong></span> <span class='ocrx_word' id='word_1_862' title='bbox 1187 4536 1212 4591; x_wconf 93' lang='lat' dir='ltr'><strong>in</strong></span> <span class='ocrx_word' id='word_1_863' title='bbox 1228 4537 1312 4607; x_wconf 89' lang='lat' dir='ltr'><strong>aquis,</strong></span> <span class='ocrx_word' id='word_1_864' title='bbox 1328 4526 1408 4593; x_wconf 79' lang='lat' dir='ltr'><strong>bona.</strong></span> <span class='ocrx_word' id='word_1_865' title='bbox 1425 4536 1490 4594; x_wconf 84' lang='lat' dir='ltr'><strong>[lico</strong></span> <span class='ocrx_word' id='word_1_866' title='bbox 1501 4548 1528 4594; x_wconf 92' lang='lat' dir='ltr'><strong>et</strong></span> <span class='ocrx_word' id='word_1_867' title='bbox 1541 4539 1675 4597; x_wconf 83' lang='grc' dir='ltr'>Ιιοιιιίιιειιι</span> <span class='ocrx_word' id='word_1_868' title='bbox 1689 4540 1788 4596; x_wconf 85' lang='grc' dir='ltr'>Ιιειιυιιι</span> <span class='ocrx_word' id='word_1_869' title='bbox 1800 4556 1810 4598; x_wconf 84' lang='lat' dir='ltr'><strong>t</strong></span> <span class='ocrx_word' id='word_1_870' title='bbox 1822 4538 1878 4596; x_wconf 85' lang='lat' dir='ltr'><strong>lla·</strong></span> 
     </span>
     <span class='ocr_line' id='line_1_109' title="bbox 1080 4626 1877 4708; baseline 0.006 -23"><span class='ocrx_word' id='word_1_871' title='bbox 1080 4647 1121 4685; x_wconf 86' lang='lat' dir='ltr'><strong>mo</strong></span> <span class='ocrx_word' id='word_1_872' title='bbox 1133 4631 1204 4686; x_wconf 89' lang='lat' dir='ltr'><strong>enirn</strong></span> <span class='ocrx_word' id='word_1_873' title='bbox 1219 4630 1296 4685; x_wconf 84' lang='lat' dir='ltr'><strong>lanus</strong></span> <span class='ocrx_word' id='word_1_874' title='bbox 1310 4635 1341 4687; x_wconf 84' lang='lat' dir='ltr'><strong>de</strong></span> <span class='ocrx_word' id='word_1_875' title='bbox 1354 4632 1418 4686; x_wconf 79' lang='lat' dir='ltr'><strong>boae</strong></span> <span class='ocrx_word' id='word_1_876' title='bbox 1432 4626 1549 4689; x_wconf 77' lang='lat' dir='ltr'><strong>thesaura</strong></span> <span class='ocrx_word' id='word_1_877' title='bbox 1562 4636 1644 4690; x_wconf 83' lang='lat' dir='ltr'><strong>cordia</strong></span> <span class='ocrx_word' id='word_1_878' title='bbox 1657 4636 1697 4690; x_wconf 84' lang='lat' dir='ltr'><strong>rati</strong></span> <span class='ocrx_word' id='word_1_879' title='bbox 1714 4638 1810 4708; x_wconf 71' lang='lat' dir='ltr'><strong>prefert</strong></span> <span class='ocrx_word' id='word_1_880' title='bbox 1830 4636 1877 4690; x_wconf 85' lang='lat' dir='ltr'><strong>ia-</strong></span> 
     </span>
     <span class='ocr_line' id='line_1_110' title="bbox 1080 4712 1878 4796; baseline 0.009 -20"><span class='ocrx_word' id='word_1_881' title='bbox 1080 4738 1141 4776; x_wconf 86' lang='lat' dir='ltr'><strong>aura</strong></span> <span class='ocrx_word' id='word_1_882' title='bbox 1153 4720 1162 4792; x_wconf 75' lang='lat' dir='ltr'><strong>t</strong></span> <span class='ocrx_word' id='word_1_883' title='bbox 1172 4718 1216 4774; x_wconf 86' lang='lat' dir='ltr'><strong>ld.</strong></span> <span class='ocrx_word' id='word_1_884' title='bbox 1231 4736 1286 4788; x_wconf 79' lang='grc' dir='ltr'>ιιι,</span> <span class='ocrx_word' id='word_1_885' title='bbox 1302 4722 1443 4793; x_wconf 67' lang='grc' dir='ltr'>55).)ιῑεε</span> <span class='ocrx_word' id='word_1_886' title='bbox 1454 4734 1481 4779; x_wconf 91' lang='grc' dir='ltr'><strong>ει</strong></span> <span class='ocrx_word' id='word_1_887' title='bbox 1495 4724 1617 4794; x_wconf 81' lang='lat' dir='ltr'><strong>angelum</strong></span> <span class='ocrx_word' id='word_1_888' title='bbox 1632 4712 1749 4793; x_wconf 81' lang='lat' dir='ltr'><strong>bonum,</strong></span> <span class='ocrx_word' id='word_1_889' title='bbox 1762 4726 1806 4796; x_wconf 72' lang='lat' dir='ltr'><strong>spui</strong></span> <span class='ocrx_word' id='word_1_890' title='bbox 1822 4742 1878 4783; x_wconf 89' lang='lat' dir='ltr'><strong>nou</strong></span> 
     </span>
     <span class='ocr_line' id='line_1_111' title="bbox 1080 4814 1878 4885; baseline 0.005 -16"><span class='ocrx_word' id='word_1_891' title='bbox 1080 4826 1120 4870; x_wconf 90' lang='lat' dir='ltr'><strong>cst</strong></span> <span class='ocrx_word' id='word_1_892' title='bbox 1134 4814 1223 4885; x_wconf 84' lang='lat' dir='ltr'><strong>lapsus</strong></span> <span class='ocrx_word' id='word_1_893' title='bbox 1238 4815 1359 4885; x_wconf 86' lang='lat' dir='ltr'><strong>superbia</strong></span> <span class='ocrx_word' id='word_1_894' title='bbox 1373 4825 1399 4871; x_wconf 91' lang='lat' dir='ltr'><strong>et</strong></span> <span class='ocrx_word' id='word_1_895' title='bbox 1410 4814 1532 4872; x_wconf 91' lang='lat' dir='ltr'><strong>diabolus</strong></span> <span class='ocrx_word' id='word_1_896' title='bbox 1548 4814 1632 4872; x_wconf 86' lang='lat' dir='ltr'><strong>iactus</strong></span> <span class='ocrx_word' id='word_1_897' title='bbox 1646 4827 1705 4883; x_wconf 86' lang='lat' dir='ltr'><strong>est;</strong></span> <span class='ocrx_word' id='word_1_898' title='bbox 1721 4817 1767 4873; x_wconf 90' lang='lat' dir='ltr'><strong>sed</strong></span> <span class='ocrx_word' id='word_1_899' title='bbox 1788 4818 1878 4874; x_wconf 78' lang='lat' dir='ltr'><strong>initae·</strong></span> 
     </span>
     <span class='ocr_line' id='line_1_112' title="bbox 1080 4904 1878 4979; baseline 0.008 -19"><span class='ocrx_word' id='word_1_900' title='bbox 1080 4915 1121 4961; x_wconf 84' lang='lat' dir='ltr'><strong>ret</strong></span> <span class='ocrx_word' id='word_1_901' title='bbox 1141 4904 1289 4962; x_wconf 89' lang='lat' dir='ltr'><strong>obediendo</strong></span> <span class='ocrx_word' id='word_1_902' title='bbox 1311 4907 1355 4961; x_wconf 91' lang='lat' dir='ltr'><strong>ei¹</strong></span> <span class='ocrx_word' id='word_1_903' title='bbox 1370 4922 1386 4962; x_wconf 90' lang='lat' dir='ltr'><strong>a</strong></span> <span class='ocrx_word' id='word_1_904' title='bbox 1400 4922 1453 4979; x_wconf 85' lang='lat' dir='ltr'><strong>qun</strong></span> <span class='ocrx_word' id='word_1_905' title='bbox 1476 4908 1560 4963; x_wconf 85' lang='lat' dir='ltr'><strong>iactrrs</strong></span> <span class='ocrx_word' id='word_1_906' title='bbox 1576 4917 1626 4963; x_wconf 76' lang='lat' dir='ltr'><strong>est.</strong></span> <span class='ocrx_word' id='word_1_907' title='bbox 1642 4906 1736 4965; x_wconf 88' lang='lat' dir='ltr'><strong>Omnia</strong></span> <span class='ocrx_word' id='word_1_908' title='bbox 1750 4908 1799 4965; x_wconf 85' lang='lat' dir='ltr'><strong>ista</strong></span> <span class='ocrx_word' id='word_1_909' title='bbox 1814 4910 1878 4966; x_wconf 92' lang='lat' dir='ltr'><strong>dico</strong></span> 
     </span>
     <span class='ocr_line' id='line_1_113' title="bbox 1079 4995 1874 5067; baseline 0.008 -18"><span class='ocrx_word' id='word_1_910' title='bbox 1079 4995 1158 5061; x_wconf 83' lang='lat' dir='ltr'><strong>bona,</strong></span> <span class='ocrx_word' id='word_1_911' title='bbox 1172 4996 1217 5051; x_wconf 89' lang='lat' dir='ltr'><strong>sed</strong></span> <span class='ocrx_word' id='word_1_912' title='bbox 1230 5004 1317 5052; x_wconf 83' lang='lat' dir='ltr'><strong>tavaren</strong></span> <span class='ocrx_word' id='word_1_913' title='bbox 1328 5013 1390 5053; x_wconf 86' lang='lat' dir='ltr'><strong>curn</strong></span> <span class='ocrx_word' id='word_1_914' title='bbox 1402 4999 1457 5053; x_wconf 83' lang='lat' dir='ltr'><strong>suis</strong></span> <span class='ocrx_word' id='word_1_915' title='bbox 1470 4999 1622 5054; x_wconf 83' lang='lat' dir='ltr'><strong>nominibus</strong></span> <span class='ocrx_word' id='word_1_916' title='bbox 1632 5018 1639 5064; x_wconf 91' lang='lat'>;</span> <span class='ocrx_word' id='word_1_917' title='bbox 1651 4997 1748 5055; x_wconf 79' lang='lat' dir='ltr'><strong>curium</strong></span> <span class='ocrx_word' id='word_1_918' title='bbox 1763 5000 1874 5067; x_wconf 79' lang='lat' dir='ltr'><strong>bonrum,</strong></span> 
     </span>
     <span class='ocr_line' id='line_1_114' title="bbox 1078 5086 1876 5161; baseline 0.008 -18"><span class='ocrx_word' id='word_1_919' title='bbox 1078 5091 1202 5161; x_wconf 79' lang='lat' dir='ltr'><strong>angelum</strong></span> <span class='ocrx_word' id='word_1_920' title='bbox 1217 5086 1331 5153; x_wconf 85' lang='lat' dir='ltr'><strong>barrum,</strong></span> <span class='ocrx_word' id='word_1_921' title='bbox 1348 5090 1483 5161; x_wconf 82' lang='lat' dir='ltr'><strong>huminem</strong></span> <span class='ocrx_word' id='word_1_922' title='bbox 1504 5091 1602 5147; x_wconf 89' lang='lat' dir='ltr'><strong>bonum</strong></span> <span class='ocrx_word' id='word_1_923' title='bbox 1618 5110 1624 5143; x_wconf 92' lang='lat'><strong>:</strong></span> <span class='ocrx_word' id='word_1_924' title='bbox 1638 5093 1670 5146; x_wconf 88' lang='lat' dir='ltr'><strong>ad</strong></span> <span class='ocrx_word' id='word_1_925' title='bbox 1688 5090 1770 5147; x_wconf 85' lang='lat' dir='ltr'><strong>Deum</strong></span> <span class='ocrx_word' id='word_1_926' title='bbox 1784 5102 1876 5149; x_wconf 79' lang='lat' dir='ltr'><strong>autem</strong></span> 
     </span>
     <span class='ocr_line' id='line_1_115' title="bbox 1078 5181 1876 5255; baseline 0.006 -20"><span class='ocrx_word' id='word_1_927' title='bbox 1078 5196 1138 5237; x_wconf 90' lang='lat' dir='ltr'><strong>cum</strong></span> <span class='ocrx_word' id='word_1_928' title='bbox 1151 5181 1302 5250; x_wconf 85' lang='lat' dir='ltr'><strong>mercium,</strong></span> <span class='ocrx_word' id='word_1_929' title='bbox 1316 5191 1380 5253; x_wconf 93' lang='lat' dir='ltr'><strong>puto</strong></span> <span class='ocrx_word' id='word_1_930' title='bbox 1390 5184 1484 5240; x_wconf 87' lang='lat' dir='ltr'><strong>melius</strong></span> <span class='ocrx_word' id='word_1_931' title='bbox 1495 5182 1558 5237; x_wconf 85' lang='lat' dir='ltr'><strong>ailril</strong></span> <span class='ocrx_word' id='word_1_932' title='bbox 1569 5184 1659 5240; x_wconf 88' lang='lat' dir='ltr'><strong>dicere</strong></span> <span class='ocrx_word' id='word_1_933' title='bbox 1672 5200 1750 5255; x_wconf 91' lang='lat' dir='ltr'><strong>quarn</strong></span> <span class='ocrx_word' id='word_1_934' title='bbox 1764 5185 1876 5240; x_wconf 90' lang='lat' dir='ltr'><strong>bonum.</strong></span> 
     </span>
     <span class='ocr_line' id='line_1_116' title="bbox 1080 5274 1877 5347; baseline 0.01 -20"><span class='ocrx_word' id='word_1_935' title='bbox 1080 5274 1136 5346; x_wconf 86' lang='lat' dir='ltr'><strong>ipse</strong></span> <span class='ocrx_word' id='word_1_936' title='bbox 1150 5276 1248 5347; x_wconf 91' lang='lat' dir='ltr'><strong>quippe</strong></span> <span class='ocrx_word' id='word_1_937' title='bbox 1262 5276 1390 5333; x_wconf 87' lang='lat' dir='ltr'><strong>llurninus</strong></span> <span class='ocrx_word' id='word_1_938' title='bbox 1407 5276 1486 5333; x_wconf 77' lang='lat' dir='ltr'><strong>iesus</strong></span> <span class='ocrx_word' id='word_1_939' title='bbox 1498 5274 1618 5333; x_wconf 83' lang='lat' dir='ltr'><strong>Christus</strong></span> <span class='ocrx_word' id='word_1_940' title='bbox 1631 5278 1712 5344; x_wconf 81' lang='lat' dir='ltr'><strong>dixit,</strong></span> <span class='ocrx_word' id='word_1_941' title='bbox 1731 5276 1815 5333; x_wconf 84' lang='lat' dir='ltr'><strong>Doara</strong></span> <span class='ocrx_word' id='word_1_942' title='bbox 1828 5280 1877 5335; x_wconf 83' lang='lat' dir='ltr'><strong>to·</strong></span> 
     </span>
     <span class='ocr_line' id='line_1_117' title="bbox 1077 5350 1876 5440; baseline 0.006 -18"><span class='ocrx_word' id='word_1_943' title='bbox 1077 5385 1145 5435; x_wconf 83' lang='lat' dir='ltr'><strong>narr,·</strong></span> <span class='ocrx_word' id='word_1_944' title='bbox 1159 5377 1187 5423; x_wconf 90' lang='lat' dir='ltr'><strong>et</strong></span> <span class='ocrx_word' id='word_1_945' title='bbox 1200 5370 1256 5440; x_wconf 80' lang='lat' dir='ltr'><strong>ipse</strong></span> <span class='ocrx_word' id='word_1_946' title='bbox 1270 5370 1334 5424; x_wconf 88' lang='lat' dir='ltr'><strong>item</strong></span> <span class='ocrx_word' id='word_1_947' title='bbox 1347 5370 1430 5437; x_wconf 86' lang='lat' dir='ltr'><strong>dixit,</strong></span> <span class='ocrx_word' id='word_1_948' title='bbox 1445 5370 1525 5423; x_wconf 81' lang='lat' dir='ltr'><strong>Neara</strong></span> <span class='ocrx_word' id='word_1_949' title='bbox 1541 5370 1635 5437; x_wconf 76' lang='lat' dir='ltr'><strong>laruas,</strong></span> <span class='ocrx_word' id='word_1_950' title='bbox 1651 5369 1700 5427; x_wconf 86' lang='lat' dir='ltr'><strong>nisi</strong></span> <span class='ocrx_word' id='word_1_951' title='bbox 1713 5350 1876 5427; x_wconf 51' lang='lat' dir='ltr'><strong>urrus&#39;Dens.</strong></span> 
     </span>
     <span class='ocr_line' id='line_1_118' title="bbox 1076 5458 1878 5535; baseline 0.006 -21"><span class='ocrx_word' id='word_1_952' title='bbox 1076 5458 1169 5515; x_wconf 79' lang='lat' dir='ltr'><strong>Nrrrrrre</strong></span> <span class='ocrx_word' id='word_1_953' title='bbox 1182 5460 1327 5517; x_wconf 84' lang='lat' dir='ltr'><strong>stinrularit</strong></span> <span class='ocrx_word' id='word_1_954' title='bbox 1340 5478 1387 5517; x_wconf 89' lang='lat' dir='ltr'><strong>nos</strong></span> <span class='ocrx_word' id='word_1_955' title='bbox 1400 5461 1433 5516; x_wconf 89' lang='lat' dir='ltr'><strong>ad</strong></span> <span class='ocrx_word' id='word_1_956' title='bbox 1444 5460 1614 5533; x_wconf 77' lang='lat' dir='ltr'><strong>quaerendum</strong></span> <span class='ocrx_word' id='word_1_957' title='bbox 1626 5470 1652 5517; x_wconf 92' lang='lat' dir='ltr'><strong>et</strong></span> <span class='ocrx_word' id='word_1_958' title='bbox 1663 5462 1695 5515; x_wconf 89' lang='lat' dir='ltr'><strong>ad</strong></span> <span class='ocrx_word' id='word_1_959' title='bbox 1706 5460 1878 5535; x_wconf 75' lang='lat' dir='ltr'><strong>distinguen-</strong></span> 
     </span>
     <span class='ocr_line' id='line_1_119' title="bbox 1076 5552 1879 5625; baseline 0.001 -15"><span class='ocrx_word' id='word_1_960' title='bbox 1076 5553 1139 5610; x_wconf 89' lang='lat' dir='ltr'><strong>dum</strong></span> <span class='ocrx_word' id='word_1_961' title='bbox 1152 5552 1215 5625; x_wconf 92' lang='lat' dir='ltr'><strong>quid</strong></span> <span class='ocrx_word' id='word_1_962' title='bbox 1229 5556 1263 5611; x_wconf 89' lang='lat' dir='ltr'><strong>sit</strong></span> <span class='ocrx_word' id='word_1_963' title='bbox 1277 5555 1376 5610; x_wconf 88' lang='lat' dir='ltr'><strong>bonurn</strong></span> <span class='ocrx_word' id='word_1_964' title='bbox 1394 5554 1445 5609; x_wconf 92' lang='lat' dir='ltr'><strong>alio</strong></span> <span class='ocrx_word' id='word_1_965' title='bbox 1466 5554 1535 5609; x_wconf 90' lang='lat' dir='ltr'><strong>bono</strong></span> <span class='ocrx_word' id='word_1_966' title='bbox 1547 5554 1661 5621; x_wconf 81' lang='lat' dir='ltr'><strong>bonum,</strong></span> <span class='ocrx_word' id='word_1_967' title='bbox 1674 5562 1701 5608; x_wconf 88' lang='lat' dir='ltr'><strong>et</strong></span> <span class='ocrx_word' id='word_1_968' title='bbox 1716 5552 1816 5609; x_wconf 88' lang='lat' dir='ltr'><strong>bonum</strong></span> <span class='ocrx_word' id='word_1_969' title='bbox 1833 5570 1879 5611; x_wconf 84' lang='lat' dir='ltr'><strong>sc·</strong></span> 
     </span>
    </p>
   </div>
   <div class='ocr_carea' id='block_1_8' title="bbox 1076 5709 1880 5836">
    <p class='ocr_par' dir='ltr' id='par_1_13' title="bbox 1076 5709 1880 5836">
     <span class='ocr_line' id='line_1_120' title="bbox 1109 5709 1880 5775; baseline 0.009 -16"><span class='ocrx_word' id='word_1_970' title='bbox 1109 5716 1116 5745; x_wconf 86' lang='lat'><strong>¹</strong></span> <span class='ocrx_word' id='word_1_971' title='bbox 1129 5714 1165 5763; x_wconf 81' lang='lat' dir='ltr'><strong>sie</strong></span> <span class='ocrx_word' id='word_1_972' title='bbox 1177 5721 1225 5761; x_wconf 85' lang='lat' dir='ltr'><strong>tm.</strong></span> <span class='ocrx_word' id='word_1_973' title='bbox 1237 5718 1272 5761; x_wconf 85' lang='lat' dir='ltr'><strong>vr.</strong></span> <span class='ocrx_word' id='word_1_974' title='bbox 1288 5719 1312 5762; x_wconf 90' lang='lat' dir='ltr'><strong>et</strong></span> <span class='ocrx_word' id='word_1_975' title='bbox 1327 5710 1438 5775; x_wconf 86' lang='lat' dir='ltr'><strong>plerique</strong></span> <span class='ocrx_word' id='word_1_976' title='bbox 1451 5720 1503 5762; x_wconf 82' lang='grc' dir='ltr'>ιιεε.</span> <span class='ocrx_word' id='word_1_977' title='bbox 1516 5720 1543 5761; x_wconf 82' lang='grc' dir='ltr'><strong>ιι</strong></span> <span class='ocrx_word' id='word_1_978' title='bbox 1554 5718 1618 5761; x_wconf 72' lang='lat' dir='ltr'><strong>lav:</strong></span> <span class='ocrx_word' id='word_1_979' title='bbox 1632 5717 1660 5761; x_wconf 80' lang='lat' dir='ltr'><strong>at</strong></span> <span class='ocrx_word' id='word_1_980' title='bbox 1673 5709 1786 5763; x_wconf 81' lang='lat' dir='ltr'><strong>diabotus</strong></span> <span class='ocrx_word' id='word_1_981' title='bbox 1797 5713 1880 5775; x_wconf 73' lang='lat' dir='ltr'><strong>frctus</strong></span> 
     </span>
     <span class='ocr_line' id='line_1_121' title="bbox 1076 5772 1730 5836; baseline -0.002 -10"><span class='ocrx_word' id='word_1_982' title='bbox 1076 5782 1110 5826; x_wconf 86' lang='grc' dir='ltr'><strong>ειι</strong></span> <span class='ocrx_word' id='word_1_983' title='bbox 1123 5776 1205 5835; x_wconf 83' lang='grc' dir='ltr'>ιιειιιιε,</span> <span class='ocrx_word' id='word_1_984' title='bbox 1217 5782 1239 5825; x_wconf 86' lang='grc' dir='ltr'><strong>ει</strong></span> <span class='ocrx_word' id='word_1_985' title='bbox 1249 5783 1308 5826; x_wconf 74' lang='lat' dir='ltr'><strong>emet</strong></span> <span class='ocrx_word' id='word_1_986' title='bbox 1321 5775 1342 5824; x_wconf 86' lang='lat' dir='ltr'><strong>si</strong></span> <span class='ocrx_word' id='word_1_987' title='bbox 1353 5774 1481 5825; x_wconf 71' lang='lat' dir='ltr'><strong>intres-erar</strong></span> <span class='ocrx_word' id='word_1_988' title='bbox 1493 5774 1516 5825; x_wconf 87' lang='lat' dir='ltr'><strong>ei</strong></span> <span class='ocrx_word' id='word_1_989' title='bbox 1529 5772 1670 5836; x_wconf 65' lang='lat' dir='ltr'><strong>aaronem,</strong></span> <span class='ocrx_word' id='word_1_990' title='bbox 1682 5780 1730 5825; x_wconf 90' lang='grc' dir='ltr'>ειε.</span> 
     </span>
    </p>
   </div>
   <div class='ocr_carea' id='block_1_9' title="bbox 0 0 2046 6361">
    <p class='ocr_par' dir='ltr' id='par_1_14' title="bbox 0 0 2046 6361">
     <span class='ocr_line' id='line_1_122' title="bbox 0 0 2046 6361; baseline 0 0"><span class='ocrx_word' id='word_1_991' title='bbox 0 0 2046 6361; x_wconf 95' lang='lat' dir='ltr'><strong> </strong></span> 
     </span>
    </p>
   </div>
  </div>
 </body>
</html>
