4084 6367
127 342 200 401 ,Ἥ
703 291 1209 402 mitteanturnessmuucu.
1703 349 1773 415 rats

978 461 1009 504 cs
1019 469 1027 506 r
1039 451 1085 508 sed
1092 463 1167 512 ιιιιι
1178 455 1253 528 lapis.
1267 457 1377 528 Deinde,
1387 463 1525 534 quiariris
1537 483 1544 522 :
1555 466 1603 523 sed
1613 467 1774 541 visitetpe·

978 556 1037 598 cus.
1060 543 1129 612 Quid
1155 549 1287 606 retribues
1309 551 1439 623 llomine,
1465 571 1515 629 pre
1537 573 1574 621 eo,
1594 560 1666 630 ottod
1692 575 1775 633 super

126 457 197 512 rlere
218 471 293 524 esee,
315 469 407 510 ιιιιιιιιι
428 463 543 509 senaturn
565 451 631 525 eius.
647 449 781 520 Quantum
797 446 926 505 satisfuit

128 549 244 622 tempori
255 548 265 580 ¹
280 547 460 614 cantavimus,
473 554 501 602 et
512 544 636 601 siluimus
649 561 656 598 :
671 541 800 614 numquid
812 540 926 597 litterio-

127 657 158 697 ra
173 651 266 700 nostra
279 641 361 697 silere
374 640 475 698 debent
498 655 514 696 a
535 637 723 696 benedictione
741 635 864 692 Dominil
877 634 926 690 bl·

128 743 217 791 temet
231 749 280 804 pm
296 743 417 804 tempere
429 747 512 789 sonas
525 745 641 799 rectum,
660 737 789 801 perpetua
810 727 846 783 sit
869 741 925 782 rex

126 824 298 880 interiorum.
320 825 388 880 Cum
414 824 543 880 convenis
567 821 601 878 ad
628 819 770 878 ecclesiam
794 819 925 892 ltymnnm

127 915 219 972 dicere
232 957 239 981 ,
255 927 336 972 sonat
349 931 401 971 ror
418 925 463 972 tua
486 913 579 970 laudes
593 913 642 970 bei
655 931 662 968 :
675 911 772 968 Dixisti
796 917 925 982 quantum

127 1007 250 1076 potuisti,
265 1006 431 1075 discessisti;
446 1015 525 1063 sonet
538 1006 626 1061 anima
640 1014 684 1061 tus
696 1003 789 1060 laudes
801 1003 859 1059 liei.
870 1001 926 1058 lie·

126 1099 228 1169 gotium
242 1100 320 1172 agis;
334 1099 425 1158 laudet
440 1099 522 1155 11ιιιιιι
538 1099 626 1154 anima
647 1105 703 1152 tua.
716 1095 812 1152 Cibum
833 1099 924 1165 capts;

126 1190 188 1246 uide
201 1190 267 1261 quid
281 1191 320 1246 ait
333 1190 480 1262 Apostolus
494 1207 501 1244 r
517 1189 578 1246 Siue
587 1189 756 1255 manducetis,
767 1190 821 1244 siae
831 1187 924 1255 bibitis,

126 1283 251 1338 emniein
262 1283 372 1354 plemam
386 1283 435 1337 liei
446 1283 523 1355 [erite
535 1282 545 1356 i
556 1279 638 1338 l‘Cer.
649 1297 684 1350 ι,
695 1281 728 1338 51
742 1279 763 1352 ).
777 1279 871 1336 Audeo
884 1280 927 1335 di·

126 1389 189 1430 cere
200 1391 208 1428 r
220 1389 284 1429 eum
299 1374 418 1443 dormis,
431 1374 575 1432 benedicat
594 1375 684 1431 anima
704 1385 749 1431 tua
770 1375 922 1431 bominum.

124 1465 183 1522 lion
198 1475 226 1523 te
237 1469 339 1524 excitet
350 1469 477 1540 cogitatio
491 1467 596 1541 flagitii,
609 1484 663 1523 non
677 1475 704 1524 te
715 1467 818 1524 excitet
832 1467 924 1538 dispo·

127 1557 296 1626 sitio⁸iurti,
313 1573 366 1614 non
381 1568 408 1615 te
419 1560 520 1616 excitet
539 1559 664 1616 condicta
687 1557 758 1616 iorte
776 1559 924 1630 corruptio.

126 1647 281 1704 innocentia
291 1659 336 1706 tua
347 1650 427 1706 ctiam
438 1652 466 1706 in
481 1652 693 1708 dormientem
705 1649 851 1707 estanimar
861 1659 924 1706 tuor.

125 1737 255 1806 Brnedie,
279 1741 367 1796 eninm
388 1757 463 1811 ntea,
488 1741 645 1807 Dominum:
665 1751 689 1798 et
707 1743 792 1798 anania
804 1742 926 1798 interiore

127 1847 195 1895 mee,
211 1848 305 1888 nemen
316 1843 433 1888 sanctum
448 1837 512 1907 ejus.

161 1921 189 1976 3.
205 1920 284 1996 [bers.
295 1921 338 1998 Ξ.)
352 1923 477 1992 benedic,
489 1926 576 1981 animo
586 1942 658 1994 ntea,
674 1925 826 1994 licerinum,
837 1934 861 1980 et
872 1926 927 1981 noli

125 2012 241 2068 obliuisci
249 2031 337 2071 omnes
344 2017 520 2073 retributiones
528 2019 593 2089 ejus.
604 2015 724 2083 Berredic,
736 2017 926 2094 inquinantes

125 2121 183 2159 aree
195 2103 348 2162 Dominum.
359 2107 428 2177 Quid
443 2117 486 2165 cst
497 2111 587 2164 anima
608 2111 670 2165 tuai
682 2109 778 2166 Omnia
798 2111 925 2166 interiora

125 2205 181 2250 tua.
196 2195 318 2266 Rerredr‘e,
332 2202 419 2254 eninm
428 2218 501 2270 rnee,
516 2197 666 2256 Detrriut'sm.
679 2201 812 2272 Repetitio
829 2202 863 2258 ad
876 2217 925 2258 ex·

126 2288 307 2346 tertationem
320 2291 402 2347 valet.
416 2291 452 2348 Ut
470 2300 561 2348 autem
579 2291 723 2349 benedicas
745 2307 853 2363 semper
871 2293 926 2349 lto-

126 2380 240 2434 nriuum.
266 2379 332 2436 Noli
357 2381 470 2437 obliuisci
492 2399 579 2438 omnes
604 2383 782 2439 retributiones
803 2383 868 2456 eisc
895 2383 925 2440 Si

125 2469 306 2540 oblivisceris,
318 2473 428 2529 tacebis.
441 2473 500 2530 Non
515 2482 604 2530 autem
619 2481 747 2545 poterunt
757 2484 819 2531 autc
833 2473 925 2532 matos

125 2569 186 2618 tues
196 2577 259 2618 esse
273 2562 462 2620 retributiones
477 2562 600 2632 bonini,
616 2565 667 2620 nisi
682 2564 846 2620 anteuenias
865 2573 925 2620 tuos

125 2649 225 2709 inerim
236 2663 350 2726 peccam
362 2663 417 2710 tua.
427 2654 487 2710 Non
502 2657 538 2710 sit
551 2665 615 2712 ante
627 2656 721 2712 oeulos
734 2663 794 2712 tues
803 2653 924 2712 delecta·

126 2745 166 2800 tio
178 2745 310 2816 praeteriti
322 2747 436 2817 pcccati,
447 2747 495 2803 scd
510 2747 546 2804 sit
556 2755 618 2803 ante
630 2747 723 2803 oculos
738 2756 799 2803 tuos
811 2748 925 2804 damna-

126 2835 164 2891 tio
176 2837 283 2908 peccati
294 2855 301 2892 :
313 2837 475 2894 damnatioa
486 2848 522 2907 te,
537 2839 659 2896 remissio
671 2855 686 2894 a
699 2840 763 2895 lieo.
774 2839 838 2896 llaec
852 2840 923 2896 enlm

125 2930 252 2985 retribuit
271 2929 415 2999 Dominus,
430 2939 459 2986 ut
476 2931 562 3003 possis
576 2931 686 2987 dicere:
701 2931 772 2998 Quid
787 2932 925 2988 retribuens

125 3019 249 3090 boariae,
262 3040 308 3095 pro
317 3023 496 3096 ominibusque
504 3023 616 3079 retribuit
629 3025 691 3079 arilei
700 3022 785 3098 (Psoi.
794 3041 856 3092 cuv,
866 3023 924 3098 ti)t

125 3115 183 3171 lloc
194 3115 269 3172 enim
279 3115 481 3172 considerantes
491 3124 633 3190 martyres,
644 3131 759 3188 quorum
773 3117 853 3172 etiam
867 3132 924 3173 me-

125 3209 241 3263 moriam
263 3207 343 3263 bodie
363 3207 549 3273 celebramus,
563 3216 591 3264 et
603 3221 697 3263 omnes
711 3207 820 3263 omnine
839 3205 923 3262 sandti

126 3299 171 3370 qui
184 3299 268 3355 sitam
283 3297 361 3355 istam
375 3307 611 3370 contempserunt,
633 3309 661 3354 et
683 3298 753 3354 sicut
769 3298 882 3354 audistis
896 3298 924 3352 in

126 3389 248 3462 Epistola
269 3390 394 3457 ioannis,
408 3391 512 3446 animas
533 3405 596 3447 suas
614 3405 664 3462 pro
684 3389 812 3446 iratribus
827 3403 923 3460 posue·

126 3491 189 3538 rant
203 3480 325 3553 (liban.
340 3497 388 3548 m,
405 3483 479 3553 16),
495 3498 555 3554 qtrae
569 3491 611 3538 est
625 3479 756 3554 periectio
769 3481 923 3550 charitatis,

125 3573 234 3628 dicente
247 3573 371 3642 nomino,
383 3572 509 3643 liniarem
518 3572 664 3628 cbaritetenr
671 3589 743 3628 norro
754 3572 837 3641 debet,
848 3588 924 3643 quom

125 3673 154 3715 ιιι
166 3663 280 3717 sniumei
289 3679 363 3718 suem
377 3673 454 3733 ponet
463 3677 510 3736 pre
521 3663 610 3718 unicis
621 3664 674 3720 suis
687 3662 781 3734 (ioan.
793 3677 839 3728 rr,
850 3661 903 3732 15)
915 3679 923 3716 s

126 3753 178 3809 boc
190 3769 257 3826 ergo
270 3755 473 3811 considerantes
491 3756 577 3811 sancti
592 3764 739 3828 martyres,
754 3763 924 3826 contempse-

127 3858 192 3902 rum
204 3849 310 3904 animas
323 3862 385 3904 suas
398 3847 460 3916 bic,
475 3855 504 3903 at
519 3847 555 3903 ibi
571 3861 617 3904 eas
631 3847 792 3916 invenirent,
807 3861 925 3918 sequen·

128 3949 170 3995 tes
182 3938 266 3996 uerba
278 3939 384 3995 Domini
399 3939 532 4008 dicentis,
549 3937 601 4008 Qui
613 3947 683 3993 etttdt
700 3939 812 3993 emerem
830 3953 922 4003 suern,

127 4032 215 4102 perdet
228 4048 303 4098 eamr
317 4040 341 4085 et
353 4029 397 4102 qai
408 4029 548 4103 perdiderit
559 4047 616 4086 eoas
628 4038 731 4102 prepter
743 4041 792 4096 ere,
804 4029 832 4082 iu
847 4029 924 4084 eitum

127 4133 249 4177 ιεισιιιιιιι
267 4123 376 4178 inueniet
388 4139 444 4177 eant
458 4121 522 4195 (ld.
538 4138 577 4179 au
589 4119 675 4195 ,15)
691 4119 838 4177 Voluemnt
852 4122 923 4177 enim

12 4274 13 4277 Ἴ
127 4213 297 4271 retribuere:
312 4213 376 4286 quil
396 4223 423 4271 et
439 4215 521 4286 quid?
539 4223 567 4272 et
583 4214 645 4270 cuii
660 4213 788 4269 Homines
800 4212 924 4270 ministe-

127 4307 198 4360 rium
211 4322 288 4361 suum
302 4307 432 4377 usquead
446 4317 559 4363 mortem
573 4306 629 4363 lieo
641 4307 831 4363 retribuerunt.
843 4305 921 4375 Quid,

126 4399 200 4470 qrrod
224 4400 270 4454 ille
292 4415 345 4455 non
368 4399 606 4467 donaueritlQuid
619 4399 768 4466 dederunt,
785 4399 856 4472 quod
870 4415 922 4456 nnn

126 4489 301 4560 acceperint?
314 4489 449 4546 Retribuit
461 4506 526 4562 ergo
538 4491 582 4546 iile
596 4491 724 4562 sesequi
736 4492 810 4547 solus
822 4491 922 4549 donat:

127 4579 178 4634 sed
192 4595 246 4636 non
258 4579 383 4636 retribuit
396 4582 512 4652 peccatis
525 4582 641 4649 nostris;
657 4597 718 4636 nam
734 4583 923 4639 retributiones

128 4671 206 4728 nobis
225 4673 285 4728 aliae
305 4671 481 4742 debebantur,
502 4682 530 4729 et
549 4675 609 4730 alim
629 4674 740 4730 redditu
756 4685 828 4732 sunt.
848 4673 922 4742 Noti,

128 4760 224 4833 iuquit,
247 4763 360 4818 obliuisci
380 4781 466 4820 omnes
479 4765 654 4821 retributiones
675 4767 749 4840 ejus:
771 4781 823 4822 non
839 4768 923 4824 tribu-

128 4857 233 4924 tiones,
254 4855 302 4914 scd
325 4857 509 4914 retributiones.
524 4859 602 4916 ‚titud
623 4861 695 4916 enim
717 4861 872 4929 debebatur,
896 4872 924 4920 et

127 4950 261 5006 redditum
272 4961 315 5007 cst
328 4951 398 5023 quod
412 4967 464 5008 nen
478 4951 635 5009 debebatur.
649 4951 728 5011 Unde
739 4965 767 5010 et
778 4955 823 5012 illc
835 4973 842 5011 r
855 4953 924 5024 Quid

128 5045 266 5100 retribuam
278 5044 400 5110 Domine,
414 5063 460 5117 pro
471 5046 603 5112 onsrribus,
623 5047 723 5118 inquit,
740 5063 797 5118 eae
809 5047 923 5103 retribuit

129 5136 198 5202 nabi
206 5132 293 5205 (rut.
303 5151 366 5202 cxv,
377 5137 444 5207 tim
458 5136 515 5191 Non
525 5136 573 5204 ait,
588 5153 648 5207 quac
660 5137 751 5194 tribuit
763 5137 848 5202 mibi:
862 5137 919 5206 scd,

129 5241 187 5297 paoe
199 5226 312 5281 retribuit
322 5225 395 5281 mibi.
409 5225 565 5283 Retribuisti
580 5237 608 5283 tu
618 5228 687 5283 mala
702 5244 752 5299 pro
765 5229 862 5295 bonis;
877 5246 921 5286 rc·

130 5317 222 5373 tribuit
234 5318 291 5389 ipsc
303 5320 373 5376 bona
389 5335 436 5388 pro
449 5320 536 5376 malis.
551 5319 692 5388 Quomodo
711 5322 857 5378 retribuisti
878 5331 920 5392 tu,

12 5402 13 5413 ’
130 5425 147 5465 o
159 5411 252 5478 borno,
264 5410 320 5466 beo
330 5410 399 5466 mala
410 5427 459 5482 pre
467 5412 563 5468 bonis?
572 5413 622 5480 Qui
634 5415 707 5486 prius
717 5414 788 5469 luisti
799 5415 924 5486 blaspbe-

129 5515 202 5570 esas,
216 5514 245 5558 et
257 5512 423 5573 persecutor,
439 5514 467 5560 et
481 5503 627 5575 injuriosus
641 5505 667 5578 (l
683 5503 751 5562 iiia.
768 5523 787 5574 r,
800 5505 862 5581 15),
877 5522 923 5563 re·

12 5580 13 5645 1
130 5593 248 5649 tribuisti
263 5593 454 5664 blasphemias.
462 5593 516 5650 Pro
529 5595 630 5666 quibus
639 5595 736 5652 bontst
748 5597 849 5664 Primo,
861 5595 921 5668 quia

159 5729 169 5760 ¹
187 5730 225 5779 sic
236 5736 286 5778 sm.
299 5735 326 5779 et
337 5736 390 5778 tiss.
400 5734 429 5778 m
439 5734 475 5779 tir.
489 5734 516 5778 et
526 5735 592 5790 lna..
604 5729 726 5797 temporis.

159 5789 173 5826 ²
187 5793 223 5841 sie
235 5797 288 5842 uss.
298 5799 326 5844 m
335 5790 401 5855 md..
412 5787 536 5857 depositio.

977 637 1067 692 omnia
1080 652 1176 708 pecora
1190 649 1218 698 et
1229 657 1310 714 super
1323 648 1411 703 emula
1426 650 1614 710 volatiliaiecit
1625 656 1692 712 tend
1703 657 1770 712 inas*

977 725 1067 797 ginem
1080 737 1105 784 et
1119 729 1319 791 similitudinem
1334 749 1410 793 snam
1425 739 1501 812 (Gen.
1512 759 1532 810 r,
1547 743 1612 818 16)1
1624 745 1682 802 Noli
1692 763 1768 819 qure-

977 832 1038 874 rere
1052 819 1114 890 quid
1127 821 1151 876 ei
1172 823 1304 882 retribuas
1317 845 1325 881 :
1339 830 1539 890 similitudinem
1555 835 1639 907 ipsius
1651 839 1770 896 retribue

977 909 1033 982 itti,
1048 926 1100 968 non
1115 915 1175 984 plus
1188 919 1299 986 querit3
1314 934 1451 979 nummum
1465 939 1542 982 suum
1562 928 1644 1000 erigit
1659 929 1760 1002 (lieni

976 1016 1050 1069 nn,
1063 1003 1094 1060 11
1109 1003 1130 1078 ).
1144 1005 1184 1062 Tu
1198 1016 1287 1064 autem
1301 1024 1350 1081 pro
1361 1013 1453 1083 gratiis
1465 1018 1584 1088 agendis,
1599 1033 1649 1092 pre
1664 1021 1759 1078 bamili

977 1101 1041 1162 tate,
1056 1109 1104 1164 pro
1116 1096 1254 1170 obsequie,
1268 1115 1316 1171 pre
1330 1103 1403 1159 cultu
1413 1105 1549 1178 religioso,
1564 1111 1589 1167 id
1603 1119 1653 1178 est,
1668 1128 1717 1184 pro
1728 1114 1770 1170 liis

976 1187 1101 1243 omnibus
1114 1187 1261 1262 bonisque
1275 1193 1392 1251 debebas
1406 1197 1464 1253 lieo
1479 1207 1542 1266 tuo,
1556 1217 1606 1274 pro
1618 1203 1696 1260 isonis
1710 1221 1772 1278 qum

976 1277 1123 1348 accepisti,
1142 1295 1202 1352 quae
1221 1282 1296 1352 dixi,
1320 1286 1466 1345 retribuisti
1491 1291 1679 1362 blasphemias.
1700 1298 1770 1364 Quid

976 1381 1043 1439 erge
1063 1369 1127 1427 ittet
1147 1371 1297 1442 conitere,
1321 1376 1441 1448 ignosco.
1459 1380 1587 1438 Retribuo
1600 1393 1627 1440 et
1640 1401 1707 1458 ego,
1722 1389 1771 1444 sed

976 1471 1030 1514 nen
1049 1460 1120 1532 qued
1138 1471 1166 1518 tu
1181 1465 1327 1521 retribuisti
1341 1487 1347 1520 ι
1363 1475 1390 1522 tu
1406 1469 1552 1528 retribuisti
1574 1475 1643 1530 rnala
1658 1491 1707 1546 pro
1724 1477 1772 1534 bo·

977 1549 1036 1618 nis;
1048 1565 1098 1624 epu
1112 1555 1232 1611 retribuo
1246 1557 1315 1613 bona
1329 1573 1379 1630 pro
1392 1563 1480 1619 melis.

1012 1643 1039 1697 1.
1054 1641 1147 1714 Cogita
1164 1659 1244 1717 ergo,
1259 1649 1367 1719 anima,
1388 1665 1484 1710 omnes
1502 1657 1691 1716 retributiones
1704 1660 1770 1726 liei,

977 1732 1120 1804 cogitando
1134 1737 1224 1794 omnia
1239 1740 1309 1795 mala
1328 1741 1398 1798 lacta
1412 1753 1455 1799 tua
1472 1763 1480 1801 r
1495 1762 1576 1817 neam
1598 1751 1681 1806 multa
1698 1753 1770 1808 eninr

977 1824 1046 1878 mata
1060 1824 1128 1882 iacta
1144 1835 1203 1896 tua,
1219 1837 1272 1884 tarn
1288 1832 1378 1888 ntultae
1398 1833 1476 1891 bonae
1498 1838 1687 1897 retributiones
1701 1841 1770 1913 ejus.

976 1913 1011 1968 Et
1023 1913 1087 1985 quid
1103 1917 1140 1972 ilii
1156 1919 1254 1976 olferes
1273 1920 1343 1978 iorte
1357 1927 1592 2000 reninmmiquid
1608 1923 1772 1990 muneruml

976 2006 1040 2076 quid
1062 2009 1419 2084 sacriieiornthaaniam
1440 2033 1493 2074 nen
1514 2021 1679 2080 oblivisceris
1693 2026 1774 2081 retri-

976 2097 1100 2156 butiones
1120 2101 1196 2172 eius,
1220 2105 1270 2160 ltoc
1291 2108 1424 2165 sacridcio
1444 2111 1591 2168 delectatur
1613 2133 1620 2170 :
1643 2115 1770 2186 lieaedie,

976 2190 1072 2259 enimn,
1086 2190 1235 2248 licerinum.
1251 2195 1414 2266 Sacrificium
1434 2201 1518 2258 luridis
1537 2204 1690 2276 piorifienbit
1708 2223 1772 2265 nte:

975 2279 1081 2337 iarnseie
1100 2281 1156 2338 Dee
1174 2287 1327 2356 sacrificium
1341 2289 1435 2357 iendis,
1451 2301 1474 2347 et
1483 2296 1561 2350 redde
1571 2297 1702 2354 ditissime
1716 2311 1771 2356 uoto

976 2379 1019 2425 tue
1029 2371 1114 2443 (Pset.
1127 2375 1326 2448 ιιιι,11,15).
1340 2378 1452 2436 Latrdari
1466 2397 1496 2438 se
1506 2386 1562 2441 rult
1575 2385 1644 2442 Deus
1654 2405 1661 2455 ;
1670 2399 1695 2444 et
1707 2388 1778 2456 boc·

976 2469 1006 2516 ut
1020 2471 1047 2518 tu
1059 2463 1194 2533 proiicias,
1208 2479 1262 2522 non
1276 2476 1306 2522 ut
1319 2467 1363 2524 ille
1378 2471 1544 2529 sublimetur.
1559 2475 1617 2530 Nun
1632 2485 1673 2532 est
1686 2481 1773 2538 omni·

976 2565 1013 2607 ae
1030 2552 1101 2623 qued
1117 2553 1155 2610 illi
1168 2557 1317 2614 retribuere
1330 2560 1339 2592 ¹
1354 2576 1361 2614 ι
1378 2569 1404 2616 ιι
1417 2563 1489 2633 qtrod
1512 2566 1610 2636 erigit,
1632 2572 1770 2636 nonsibi,

976 2644 1025 2700 sed
1038 2645 1086 2702 tibi
1098 2647 1202 2718 crisim
1217 2649 1264 2704 tibi
1278 2651 1408 2720 proderit,
1424 2653 1470 2708 tibi
1487 2667 1618 2714 seruatur.
1637 2659 1696 2716 lion
1722 2663 1773 2720 ltoe

975 2747 992 2791 s
1005 2742 1033 2791 te
1046 2745 1128 2806 amat,
1142 2738 1212 2808 qrtod
1228 2739 1303 2795 illurn
1324 2751 1435 2814 augeat,
1450 2744 1499 2800 sed
1519 2749 1590 2817 quod
1610 2759 1637 2806 te
1649 2751 1682 2806 ad
1697 2752 1772 2810 illurn

975 2825 1114 2896 perducat.
1128 2825 1272 2900 Pmpterca
1285 2833 1443 2901 quaerebant
1454 2845 1598 2908 martyres,
1610 2839 1773 2900 deiciebam

975 2917 1173 2988 quodammodo
1185 2935 1239 2976 non
1252 2921 1423 2993 inveniendo,
1435 2938 1462 2982 et
1472 2927 1606 2994 dicebant,
1620 2931 1691 2997 Quid
1699 2935 1772 2989 retri-

976 3007 1052 3064 buens
1060 3006 1183 3078 licutino,
1200 3027 1247 3084 pre
1259 3016 1374 3071 erunibus
1386 3033 1444 3088 pac
1454 3018 1569 3078 retribuit
1581 3023 1662 3078 mitrii
1671 3023 1706 3081 lit
1719 3041 1772 3082 non

975 3101 1136 3160 invenerunt
1149 3104 1214 3175 quid
1229 3108 1420 3174 retribuerent,
1437 3112 1506 3178 nisi,
1525 3113 1636 3172 Calicem
1652 3118 1773 3175 saintois

975 3195 1107 3266 aecipim,
1120 3202 1144 3250 et
1153 3211 1244 3252 ιιοιιιιιι
1253 3195 1359 3254 bonini
1367 3201 1486 3257 inuocebo
1495 3201 1580 3276 (Psoi.
1591 3221 1651 3272 cxv,
1661 3207 1705 3274 ti,
1715 3209 1771 3280 15).

975 3283 1044 3354 Quid
1054 3285 1187 3342 retribues
1199 3287 1330 3344 bomine?
1342 3289 1484 3362 cogitabas
1496 3295 1579 3362 enirn,
1592 3307 1620 3352 et
1632 3311 1685 3353 non
1697 3299 1771 3356 inre·

976 3375 1069 3432 aiebas
1081 3373 1211 3434 r'Ceiieetn
1223 3377 1342 3436 salutaris
1357 3382 1493 3453 occipiens.
1507 3383 1595 3452 Quidi
1608 3387 1713 3444 reticem
1725 3407 1770 3445 sa·

976 3467 1068 3525 tuteris
1090 3483 1179 3526 nonae
1203 3471 1260 3542 ipse
1282 3471 1409 3530 llomiuus
1432 3475 1524 3532 dediti
1544 3477 1582 3534 lic
1607 3487 1652 3535 tuo
1672 3481 1771 3552 aliquid

976 3561 1102 3630 retribue,
1117 3563 1140 3619 si
1156 3571 1241 3634 petes.
1253 3563 1321 3631 lion,
1338 3565 1469 3634 dixerim
1482 3583 1516 3624 ue
1532 3569 1646 3639 leceris,
1664 3573 1718 3628 noli
1734 3573 1768 3628 de

977 3658 1023 3709 tuo
1036 3653 1187 3712 retribuere
1201 3673 1208 3722 ;
1222 3671 1275 3712 non
1290 3657 1348 3712 uult
1359 3658 1429 3714 licus
1441 3659 1475 3715 de
1490 3669 1536 3716 tuo
1548 3661 1598 3718 sibi
1610 3664 1730 3720 retribui.
1742 3663 1771 3722 Si

975 3743 1010 3800 de
1032 3754 1077 3801 tuo
1100 3747 1241 3812 retribuis,
1265 3757 1404 3817 peccatum
1425 3750 1560 3806 retribuis.
1580 3751 1675 3808 Ornnia
1698 3754 1770 3810 enirn

975 3853 1036 3908 onae
1049 3838 1141 3907 babes,
1155 3840 1189 3896 ab
1204 3840 1250 3895 illo
1265 3839 1367 3896 ltabcs:
1384 3850 1460 3898 tuum
1474 3852 1611 3913 paccatum
1626 3847 1711 3902 solum
1722 3848 1772 3903 bn-

975 3927 1034 3985 bes.
1050 3928 1108 3985 Non
1123 3931 1180 3986 vult
1192 3931 1243 3987 sibi
1255 3931 1368 3989 retribui
1380 3933 1415 3988 de
1430 3941 1483 3998 tuo,
1500 3934 1534 3989 dc
1549 3950 1599 3991 suo
1613 3937 1678 3992 uult.
1695 3938 1770 4003 Quo·

976 4019 1058 4077 modo
1071 4021 1205 4093 agricolae,
1219 4021 1253 4078 de
1269 4027 1340 4078 terra
1354 4037 1433 4093 quarn
1447 4023 1600 4090 seminarit,
1615 4026 1637 4081 si
1648 4038 1767 4098 segetem

976 4113 1107 4179 attuleris,
1122 4113 1156 4170 de
1170 4115 1294 4185 agricolao
1308 4113 1395 4170 fructu
1409 4116 1570 4181 retribuisti;
1584 4118 1606 4172 si
1619 4119 1720 4189 spinas,
1734 4119 1771 4178 dc

977 4215 1024 4261 tuu
1042 4205 1171 4262 obtulisti.
1189 4203 1333 4262 l'eritatem
1355 4205 1490 4273 retribue,
1505 4207 1531 4263 in
1547 4209 1659 4264 veritate
1678 4209 1769 4266 bemi-

976 4313 1040 4353 nam
1055 4297 1132 4354 lauda
1148 4316 1154 4354 :
1168 4299 1192 4354 si
1207 4298 1240 4355 de
1256 4307 1302 4354 tuo
1316 4299 1443 4364 uolueris,
1459 4301 1607 4357 mentieris.
1618 4302 1668 4372 Qui
1682 4304 1769 4375 loqui·

976 4395 1022 4448 tur
1034 4391 1211 4458 mendacium,
1228 4391 1262 4447 de
1276 4405 1326 4446 suo
1341 4391 1457 4462 loquitur
1476 4392 1486 4463 (
1495 4391 1572 4448 dean.
1588 4409 1644 4462 vrri,
1660 4395 1728 4467 11).
1740 4397 1770 4454 st

976 4483 1021 4553 quui
1037 4482 1153 4553 loquitur
1169 4481 1347 4548 mendacium,
1363 4481 1397 4537 dc
1410 4495 1458 4537 sno
1473 4482 1606 4553 inanitum
1622 4487 1668 4555 qui
1681 4486 1769 4558 loqui·

976 4575 1190 4636 terrenitatem,
1205 4573 1240 4628 de
1256 4573 1302 4628 liei
1316 4571 1442 4643 loquitur.
1454 4572 1522 4639 Quid
1542 4583 1585 4630 est
1597 4583 1686 4630 autem
1699 4577 1770 4634 scei-

976 4664 1040 4734 pc'rc
1051 4665 1160 4719 calicem
1176 4663 1310 4730 salutaris,
1325 4663 1374 4717 nisi
1389 4663 1525 4730 pressiones
1536 4663 1642 4720 liamini
1653 4667 1770 4724 imitaril

976 4756 1033 4812 lloc
1045 4763 1176 4828 martyres
1195 4756 1326 4811 iecerunt.
1342 4754 1398 4810 lloc
1419 4757 1633 4826 superbientibus
1647 4760 1729 4826 dixit,
1742 4773 1770 4817 et

976 4848 1056 4904 sedes
1071 4847 1198 4903 sublimes
1210 4847 1265 4916 jam
1279 4846 1471 4916 quaerentibus,
1485 4851 1669 4905 etconrallem
1683 4851 1770 4920 plora·

976 4939 1056 4994 tionis
1081 4938 1276 5003 devitantibus,
1304 4937 1350 5007 qui
1374 4938 1499 4994 solebam
1523 4939 1629 5008 sedere,
1645 4956 1713 4996 unius
1734 4941 1768 4998 ad

976 5027 1128 5092 dexteram,
1147 5029 1215 5083 alius
1229 5025 1263 5083 atl
1277 5029 1423 5083 sinistram.
1437 5025 1504 5096 Quid
1517 5044 1582 5100 ergo
1595 5029 1648 5084 siti
1658 5029 1768 5086 Potestis

975 5120 1059 5176 bibere
1070 5121 1174 5176 culicem
1186 5135 1259 5190 ouem
1272 5135 1319 5192 epe
1332 5119 1454 5176 bibiturus
1467 5137 1523 5174 sunt
1532 5119 1637 5192 (uerri.
1650 5137 1695 5187 rx,
1708 5119 1766 5192 11))

976 5213 1034 5271 1ιιιι
1048 5227 1113 5283 ergo
1128 5219 1229 5284 martyr
1240 5219 1347 5282 paratus
1361 5211 1394 5267 ud
1409 5213 1543 5266 victimam
1559 5223 1678 5266 sarratam
1692 5211 1763 5272 dicit.
1860 5275 1865 5282 ,

976 5306 1086 5362 (laticem
1100 5305 1220 5359 soluturis
1232 5303 1357 5374 accipiens
1370 5319 1380 5357 .·
1393 5301 1520 5372 accipiam
1534 5300 1644 5356 calicem
1654 5303 1764 5364 Christi.

976 5397 1064 5453 bibam
1074 5396 1225 5469 passionem
1238 5394 1352 5450 Donrini.
1364 5392 1434 5449 Cave
1443 5407 1476 5447 ne
1485 5390 1605 5448 delicias.
1616 5395 1669 5452 Sed
1678 5413 1769 5453 trenten

975 5487 1081 5543 Domini
1101 5486 1231 5542 inuocebo.
1254 5485 1322 5556 Quid
1345 5498 1408 5553 ergo
1431 5481 1602 5552 deiecerunt,
1625 5485 1766 5544 Dominum

977 5595 1030 5634 nun
1041 5579 1248 5642 invocaveram
1262 5575 1295 5631 do
1307 5588 1355 5629 sua
1363 5571 1518 5630 tortitudine
1529 5590 1766 5649 praesumpserunt.

1009 5733 1019 5764 ¹
1038 5738 1070 5782 tta
1082 5731 1197 5793 precipui
1214 5735 1268 5778 tiss.
1288 5725 1386 5788 Quidam
1406 5739 1474 5794 ιιιο,
1494 5729 1628 5786 retribuere
1645 5743 1732 5800 pesam
1752 5737 1770 5784 s
1823 5727 1827 5732 '

977 5793 1045 5856 isid,
1056 5793 1182 5844 retribues.
