4084 6367
190 256 261 318 ¹⁶55
811 247 843 308 8.
862 238 1046 305 sutusrud
1064 240 1218 306 eruscos!
1759 255 1830 317 Μ
1870 264 1872 267 -

188 380 293 430 ternam
314 369 510 430 haereditatem.
534 367 619 437 Quam
643 362 847 423 hereditatem?
860 360 912 419 Ubi
932 360 982 417 dc·
1038 373 1145 429 sumus,
1161 362 1345 423 hereditatem
1370 365 1538 429 hebebimut.
1552 369 1587 429 et
1605 370 1670 444 quid
1690 374 1830 435 vocabitur

187 472 308 521 structor
326 464 414 521 omnis
435 468 606 536 potentatus,
620 468 649 516 ει
664 458 752 514 omnis
762 453 984 529 potestas,otsit
1037 450 1095 523 ipsa
1109 451 1273 525 baereditas,
1287 458 1339 514 nisi
1354 458 1468 531 paxiilt
1490 461 1579 520 ridete
1592 464 1828 537 quiambaeredsti

189 560 261 616 peu,
272 558 362 616 ,mura
373 560 401 615 pn
412 557 536 615 omnibns
554 552 658 627 (ider.
673 568 718 618 rr,
730 550 767 607 ιιι
788 548 810 624 ).
824 549 866 606 sd
878 548 931 605 lroc
953 562 983 605 se
1037 552 1099 601 sunt
1112 545 1221 617 quinon
1238 558 1330 607 amant
1342 564 1435 622 paoem
1452 569 1459 609 ε
1474 568 1528 609 non
1551 564 1641 613 autem
1664 568 1756 617 amant
1778 574 1827 633 pa·

187 663 345 720 sementes,
358 657 386 708 ει
398 651 451 707 boc
463 647 545 706 corde
559 644 789 717 contemplantes,
813 651 841 700 et
853 640 941 697 adbuc
954 640 983 696 in
1037 650 1115 709 cem,
1139 640 1184 712 qui
1197 640 1320 699 dividunt
1333 645 1472 703 unitatem.
1493 646 1549 705 Pax
1568 650 1703 721 possessio
1723 653 1827 723 piorum

187 746 242 803 fide
256 748 264 779 ‚
279 747 441 811 munem,
458 751 487 799 θ,
498 740 646 797 widun,
659 737 837 810 pemmo,
849 778 857 805 ,
870 752 922 791 ,m
931 750 982 791 ει.
1037 738 1097 798 εει,
1118 732 1252 801 possessio
1266 733 1411 793 haeredum.
1426 739 1461 796 Ει
1471 740 1516 811 εει
1526 750 1590 799 sunt
1602 742 1742 800 heredes?
1754 744 1826 803 Filii.

190 838 304 896 tendunt
327 853 418 892 monor
438 852 499 892 suos
521 835 549 889 in
569 833 737 905 ιειεειιειεει.
750 829 817 886 Νεει
830 828 854 884 ει
874 827 984 884 uideant
1036 820 1135 879 Audite
1147 823 1318 895 Evangelium
1333 826 1423 883 :Reots'
1444 831 1564 903 ρεειειει,
1578 836 1697 905 pennino
1714 836 1764 907 ipsi
1779 836 1828 907 lilii

187 932 249 1003 quia
262 944 369 1000 semper
383 937 425 985 ὦ,
447 927 521 997 virg,
536 933 707 999 ,mmmm
725 936 808 991 supe,-
819 932 920 977 sonem
937 920 982 990 ju.
1036 910 1084 967 Dei
1102 917 1255 970 mereantur
1269 917 1279 988 (
1294 917 1388 975 linitis.
1404 935 1430 990 r,
1441 920 1459 978 e
1470 924 1491 993 ).
1513 924 1609 981 Audite
1628 934 1657 983 ει
1676 929 1828 984 conclusio·

186 1030 303 1088 stornm,
316 1021 434 1093 cogitant
445 1020 515 1091 apud
528 1034 569 1088 se,
579 1027 607 1074 et
616 1016 729 1073 dicuntr
744 1014 813 1083 Quid
823 1014 889 1072 milri
898 1014 982 1085 prod·

186 1123 229 1171 est
261 1114 321 1185 qnia
343 1114 431 1183 justus
455 1110 537 1167 sumi
573 1108 686 1179 Semper
709 1107 776 1163 mibi
802 1105 983 1164 dominabitur

185 1208 310 1278 iniquus,
323 1216 352 1263 et
362 1221 470 1278 semper
481 1220 577 1261 sersus
590 1203 658 1260 erol
681 1202 788 1258 Faciam
812 1216 877 1271 crgo
891 1208 919 1256 ει
931 1214 983 1271 ego

187 1300 374 1372 iniquitatem3
390 1299 452 1370 quin
468 1298 532 1353 nibil
547 1296 658 1369 prodest
679 1303 773 1351 tenere
785 1292 927 1363 justitiam.
942 1290 983 1348 Ne

186 1398 277 1448 autem
299 1391 449 1453 bocdicat,
464 1390 614 1445 insinuatur
627 1385 664 1441 illi
680 1386 766 1453 fides,
781 1385 842 1456 qnia
856 1384 890 1440 ad
911 1392 982 1440 tem·

187 1500 239 1557 pus
251 1492 340 1555 potest
364 1498 425 1539 esse
442 1482 516 1554 virga
530 1489 702 1551 peccatorum
729 1491 812 1547 super
824 1484 924 1531 sortem
939 1474 982 1545 ju·

186 1591 311 1633 storum:
337 1593 389 1631 non
411 1590 471 1631 eam
497 1574 620 1644 relinquet
643 1570 768 1624 Dominio
792 1582 868 1640 saper
889 1575 981 1621 sortem

184 1670 311 1744 jatrtorrtm
324 1710 331 1733 ,
346 1676 373 1722 ut
387 1684 438 1722 non
459 1665 593 1721 extendant
602 1664 668 1735 justi
677 1664 703 1716 in
716 1661 874 1731 iniquitatem
889 1676 982 1716 monus

186 1778 247 1820 tuor
257 1780 268 1828 ,·
280 1762 327 1817 sed
343 1768 454 1818 teneant
466 1759 500 1814 ab
510 1757 648 1830 iniquitate
661 1770 755 1811 marrus
765 1769 844 1820 suas,
858 1761 887 1809 et
896 1756 982 1808 lerant

186 1854 368 1927 iniquitatem,
386 1870 439 1909 non
452 1851 559 1907 iaciunt.
574 1850 669 1907 bielius
680 1857 722 1903 est
732 1848 803 1902 enim
825 1846 980 1916 irrisistitiam

186 1949 258 2009 serre
271 1965 349 2021 quiam
362 1947 460 2003 iacere.
476 1945 553 2004 Unde
566 1959 618 2001 nun
631 1959 739 2014 semper
753 1940 825 1998 criti
839 1940 907 2008 Quia
929 1957 981 1996 non

185 2042 341 2113 derelinquet
352 2042 479 2113 Dominus
490 2041 586 2112 εινεεει
609 2047 769 2109 peccatorum
791 2050 868 2104 super
887 2043 980 2089 sortem

183 2135 320 2209 justorum.

215 2226 243 2285 9.
261 2222 335 2299 [ιειε.
349 2224 377 2293 ι,
390 2222 430 2297 dn]
454 2222 510 2279 lioc
522 2222 640 2293 cogitant
654 2221 698 2292 qui
722 2219 787 2276 recti
802 2226 865 2274 sum
877 2217 978 2285 corde,

185 2319 327 2390 dequibus
346 2318 425 2387 paulo
437 2325 500 2373 ante
519 2316 593 2381 diri,
615 2316 662 2387 εεί
681 2313 845 2370 voluntatem
862 2313 910 2368 uei
933 2326 978 2369 εε-

183 2423 311 2486 εειιειεε,
325 2428 378 2468 nois
392 2413 556 2467 volurrtatrni
565 2424 651 2466 suam.
663 2408 717 2465 sed
726 2408 772 2479 εει
783 2408 794 2439 ¹
805 2407 879 2477 sequi
894 2406 978 2462 Derim

182 2508 291 2574 uolunt,
307 2504 491 2561 iaciuntillum
506 2501 700 2573 prm-edentem
713 2542 720 2565 ‚
735 2508 763 2556 ει
773 2514 803 2555 εε
818 2508 977 2571 sequentem

183 2613 237 2655 uon
250 2607 341 2653 autem
361 2610 392 2653 se
405 2596 606 2667 praecedentes,
621 2603 649 2649 et
667 2593 743 2649 illnm
758 2599 912 2663 sentientem
927 2607 934 2645 :
951 2598 980 2649 et

183 2690 212 2747 ln
222 2690 346 2747 omnibus
356 2704 418 2746 cum
429 2687 528 2744 bonum
539 2688 693 2754 inveniunt,
706 2686 763 2741 sire
776 2685 976 2751 emendantem,

182 2782 240 2841 sire
253 2782 448 2847 consolantem,
463 2782 521 2837 sine
534 2787 714 2841 exercentem,
725 2777 782 2833 siue
791 2786 976 2843 coronantem,

183 2875 241 2931 sire
254 2881 432 2947 purgantem,
448 2873 504 2929 sine
516 2872 728 2937 illuminantem,
742 2870 812 2925 sicut
831 2869 978 2939 apostolus

183 2965 238 3035 ait,
253 2964 354 3022 Scirum
366 2966 486 3033 quonian
498 2962 658 3035 diliqentibur
673 2962 775 3028 uene,
789 2961 874 3017 onmia
887 2977 978 3032 coope-

183 3058 307 3113 ranturin
321 3057 414 3113 donum
425 3054 436 3129 (
447 3056 522 3112 Rom.
547 3071 602 3124 εει,
621 3054 657 3111 28
671 3054 693 3125 ).
718 3054 750 3109 Ει
763 3053 825 3110 ideo
844 3053 976 3125 sequitur,

183 3147 314 3224 mesae,
329 3149 456 3215 Domine,
476 3149 566 3214 bonis,
582 3156 606 3203 ει
621 3150 696 3204 rectit
708 3147 795 3202 corde.

218 3242 263 3301 lu.
278 3242 353 3300 Sicut
366 3246 455 3299 autcln
471 3241 586 3298 declinat
599 3256 616 3296 s
629 3240 716 3307 malo,
740 3249 767 3297 et
791 3237 854 3297 lacit
875 3240 975 3299 bonrum

182 3342 273 3393 reeltu
295 3335 378 3392 corde
392 3333 403 3409 (
416 3334 490 3391 unt.
505 3350 604 3400 unsri,
625 3330 661 3387 27
673 3332 695 3403 ),
713 3333 776 3405 quia
797 3348 851 3388 nnn
865 3333 935 3387 zelat
949 3333 976 3389 in

183 3428 385 3500 peccatoribus,
416 3442 510 3498 pacem
533 3433 704 3497 peccatorum
738 3426 844 3481 intuens
865 3425 875 3494 (
901 3422 975 3481 Prot.

183 3534 276 3586 ιειε,
297 3516 349 3592 bb
375 3519 415 3575 ειε
435 3518 510 3590 praei
527 3517 617 3574 cordis
627 3518 648 3583 ⁸,
672 3516 717 3588 εει
733 3515 930 3572 scandalizatur
949 3518 977 3573 in

183 3610 234 3667 uiis
246 3609 370 3678 Domini,
384 3610 526 3667 declinata
541 3610 612 3676 ileo,
624 3617 652 3665 et
662 3608 726 3664 lacit
735 3608 853 3677 malum,
866 3617 894 3665 et
905 3609 977 3663 ines·

182 3711 260 3761 eatur
274 3701 417 3759 dulcedine
441 3702 548 3768 saeculi,
563 3709 591 3757 ει
605 3716 636 3757 ea
651 3699 810 3771 illaqueatus
832 3710 861 3755 et
882 3709 976 3771 captus

187 3811 294 3855 amaras
308 3810 402 3867 pesnas
422 3795 482 3851 luit.
499 3794 650 3852 Declinanti
664 3802 753 3851 autem
769 3809 783 3849 a
800 3793 874 3859 ileo,
899 3794 977 3866 cujus

182 3888 352 3962 disciplinam
376 3889 448 3944 lerre
472 3886 574 3955 noluit,
599 3886 629 3943 dt
648 3886 687 3942 illi
714 3883 902 3958 perjudicium
926 3886 975 3942 llei

183 3994 263 4037 uerus
276 3982 388 4055 laqueus
399 3979 466 4036 lalss
476 3980 606 4036 malorum
623 3980 745 4037 felicitas.
759 3978 836 4036 Unde
846 3978 975 4036 morinco

183 4076 319 4148 subjungit
335 4094 342 4133 :
358 4076 520 4133 Declinontes
533 4084 617 4131 ostem
638 4076 667 4130 ιε
690 4074 916 4145 ειεεεεειειιεεειε
928 4073 975 4129 sd·

183 4168 258 4225 decet
273 4168 285 4202 ⁸
298 4167 423 4225 Dominus
443 4185 501 4223 crint
513 4168 674 4240 operantibus
685 4167 836 4240 iniustitiam
851 4184 861 4221 .·
874 4166 902 4223 id
913 4174 974 4232 εει,

184 4279 299 4335 quorum
323 4262 393 4318 laeta
418 4262 512 4319 imitati
534 4269 613 4327 sunt;
629 4261 690 4333 quia
714 4276 807 4318 eorum
829 4268 976 4333 εεεεεειεε

184 4355 290 4412 laetitias
301 4366 477 4422 amaverunt,
494 4361 523 4410 et
535 4354 620 4411 lutura
634 4352 764 4427 supplicia
785 4368 839 4411 non
853 4354 977 4412 credide·

184 4455 257 4504 runt.
272 4447 323 4517 Qui
335 4462 399 4518 ergo
410 4446 479 4503 recti
493 4455 557 4503 sunt
569 4445 671 4514 corde,
693 4455 721 4502 ει
744 4460 797 4502 εεε
820 4446 975 4515 declinant,

184 4540 248 4613 quid
261 4539 408 4595 babebuntl
420 4539 479 4596 ιειε
486 4538 627 4612 ueniamus
636 4538 670 4594 ad
679 4538 766 4609 ipsam
779 4537 974 4608 hereditatem,

183 4632 300 4699 lratres,
315 4632 377 4705 quia
401 4631 448 4687 lilii
468 4646 571 4689 somus.
593 4630 662 4700 Quid
681 4630 896 4703 possidebimus?
915 4647 976 4703 qna

184 4733 228 4781 est
240 4721 401 4779 hereditati
427 4738 489 4795 quse
513 4723 599 4795 patria
625 4724 736 4781 nostra?
757 4723 822 4796 quid
843 4724 975 4781 uocatur?

184 4816 251 4871 Par.
273 4815 326 4872 Per
337 4814 409 4872 banc
421 4830 471 4873 vos
484 4815 648 4886 saluisnos,
660 4815 730 4872 banc
741 4817 817 4874 vebis
832 4819 975 4877 annuntia·

183 4924 264 4977 mus,
280 4909 350 4966 banc
375 4908 523 4980 suscipiunt
541 4916 666 4977 montes,
692 4916 720 4965 et
738 4909 822 4967 colles
844 4910 975 4981 justitiam

183 4999 194 5069 (
213 4998 289 5057 Psoi.
312 5017 394 5069 urar,
420 5000 473 5075 5).
501 4999 561 5073 ipsa
586 5008 629 5057 εει
653 4998 799 5057 Christus:
822 4999 884 5072 lpse
909 5002 976 5057 enim

185 5103 407 5168 atpasnostro,
429 5094 674 5168 adsodianensis
697 5108 793 5160 mem,
815 5102 839 5148 et
865 5094 976 5150 numen

186 5190 307 5264 sorem
326 5170 529 5246 mamm
552 5184 672 5262 (usne.
695 5201 725 5252 n,
749 5186 783 5243 u
797 5186 817 5259 t.
836 5185 903 5256 ons
928 5187 975 5243 utri

216 5346 394 5410 ¹ror.,ettoc
412 5340 958 5413 infiderdlsseutieutibusrddmltlsetuss.

217 5402 975 5472 *sm.m.ensttquorrsssomittuut,sedpm:alttptines

185 5466 627 5566 idlrubmbsedmnadlmbeeoul.
746 5528 753 5541 .
840 5524 894 5578 mh

185 5527 973 5706 „nfflfflinlil‘ldlll‘lsddlbnde

184 5666 236 5709 am.
330 5652 964 5766 εειειειεειιεε.·ειεειιιεε,εειεεεεεειιειΜ

183 5716 713 5839 εἰὲῗῗὶιἪῖυεθιῇωῃ
772 5714 778 5727 ι
965 5744 974 5767 ’

1036 1020 1098 1061 nem
1110 1006 1191 1079 brrjus
1206 1011 1319 1081 psalten:
1336 1010 1394 1069 Pus
1405 1030 1481 1087 super
1501 1016 1594 1074 lsrael.
1610 1020 1691 1077 lsrael
1704 1064 1711 1085 ,
1726 1020 1828 1081 videns

1036 1098 1318 1175 Deum31erusalem,
1342 1106 1415 1165 Visio
1437 1111 1511 1180 pacis
1533 1114 1731 1183 interpretatur.
1746 1114 1828 1171 lintel-

1036 1192 1100 1267 ligat
1113 1194 1236 1255 Charitas
1258 1209 1346 1255 restra
1370 1218 1378 1259 a
1405 1201 1484 1259 lsrael
1508 1205 1709 1277 interpretatur.
1726 1209 1826 1267 videns

1035 1286 1137 1357 ileum;
1162 1290 1310 1349 Jerusalem
1337 1294 1548 1366 interpretatur,
1573 1298 1644 1355 visio
1667 1302 1748 1370 pacis.
1776 1302 1826 1368 Qui

1035 1395 1087 1435 non
1097 1382 1316 1439 commonebuntur
1327 1384 1354 1439 ιε
1369 1395 1490 1443 menum
1502 1388 1514 1443 l
1530 1388 1581 1456 Qua*
1593 1391 1734 1447 innantem
1746 1390 1823 1447 ,ἵετε-

1035 1470 1123 1525 entem.
1138 1471 1195 1529 Non
1209 1476 1449 1533 commovebuntur
1467 1493 1532 1551 ergo
1554 1480 1582 1535 in
1606 1490 1753 1550 aeternum,
1780 1485 1826 1554 qui

1035 1560 1184 1617 inlrabitant
1199 1565 1329 1621 visionem
1345 1567 1427 1636 pacis.
1444 1566 1479 1623 Et
1492 1585 1543 1641 pao
1555 1586 1631 1642 super
1645 1570 1738 1629 lsrael.
1755 1575 1825 1645 Ergo

1035 1654 1115 1709 lsrael
1129 1656 1173 1725 εει
1193 1656 1286 1713 uidens
1306 1657 1391 1715 [lcum
1408 1668 1465 1725 cst,
1481 1661 1575 1719 ridens
1598 1679 1689 1734 pacem
1711 1677 1775 1723 est:
1799 1676 1826 1723 et

1035 1746 1092 1819 ipse
1101 1746 1181 1803 lsrael
1195 1758 1235 1805 est
1244 1749 1507 1823 etJerusalemzquia
1519 1756 1632 1824 populos
1641 1756 1685 1810 ille
1694 1756 1754 1825 liei,
1768 1759 1824 1829 ipsa

1035 1848 1076 1894 εει
1089 1841 1183 1896 civitas
1195 1841 1253 1898 bei.
1268 1842 1297 1899 Si
1309 1858 1373 1915 ergo
1386 1844 1480 1902 uidens
1493 1862 1598 1917 pacem.
1615 1848 1667 1904 hoc
1677 1860 1719 1906 est
1732 1852 1825 1908 videus

1035 1930 1133 1997 Deum;
1149 1933 1245 1988 merito
1256 1943 1283 1989 ει
1297 1934 1366 1990 Deus
1381 1936 1437 2006 lpse
1449 1946 1490 1991 εει
1503 1952 1564 2009 pax.
1594 1940 1664 2007 uno
1677 1940 1737 2011 orris
1751 1940 1826 1997 Cirri-

1033 2030 1091 2077 stus
1103 2020 1185 2079 Filius
1198 2024 1245 2081 Dei
1259 2039 1310 2096 pax
1322 2035 1380 2093 est,
1401 2026 1461 2083 ideo
1475 2030 1548 2084 venit
1557 2030 1682 2103 colligere
1696 2046 1779 2101 suos,
1799 2043 1826 2090 et

1034 2130 1174 2173 secernere
1187 2117 1221 2175 ab
1235 2118 1342 2189 ιειεειε.
1367 2121 1389 2175 A
1404 2120 1500 2189 ouibus
1515 2123 1631 2195 iuriquisi
1645 2123 1695 2193 Qui
1711 2126 1826 2183 oderunt

1033 2206 1202 2277 Jerusalem,
1215 2210 1260 2281 εει
1276 2209 1390 2267 oderunt
1405 2227 1512 2281 piarem,
1526 2216 1570 2285 qul
1584 2216 1677 2271 uolunt
1698 2218 1824 2273 conscin-

1032 2299 1098 2357 dere
1110 2302 1258 2370 unitatem,
1270 2303 1314 2375 εει
1328 2318 1380 2358 non
1397 2304 1510 2361 credunt
1521 2307 1581 2379 paci
1591 2348 1599 2375 ,
1610 2307 1656 2379 εει
1670 2306 1764 2365 ialsam
1775 2324 1825 2381 pa·

1032 2408 1091 2450 cent
1105 2396 1283 2473 pronuntiant
1307 2397 1334 2451 iu
1359 2397 1474 2469 pupulo,
1490 2405 1518 2455 et
1539 2415 1592 2455 nou
1619 2401 1691 2455 illum
1715 2401 1824 2458 babent.

1032 2486 1134 2558 Quibus
1157 2488 1344 2557 respondetur,
1359 2503 1419 2546 curn
1441 2489 1574 2557 dixerint,
1592 2491 1646 2549 Pax
1667 2494 1823 2563 uobiscum,

1032 2578 1139 2635 Etcum
1154 2581 1249 2651 spiritu
1274 2591 1342 2637 tuo:
1360 2581 1456 2639 laisum
1476 2582 1585 2651 dicunt,
1610 2594 1639 2641 ει
1665 2586 1758 2643 ιεΙεεει
1772 2602 1824 2643 εε-

1031 2671 1116 2729 diunt.
1131 2672 1232 2742 Quibus
1248 2673 1354 2741 dieunt,
1370 2673 1425 2730 Pus
1440 2675 1598 2732 vobiscumt
1617 2692 1685 2748 nuos
1698 2687 1825 2750 scpamut

1031 2779 1128 2836 space
1145 2766 1218 2821 orbis
1233 2774 1375 2823 terrarum.
1391 2766 1425 2823 Et
1449 2768 1546 2839 quibus
1571 2768 1679 2836 dicitur,
1703 2770 1736 2827 Et
1758 2786 1822 2828 cnm

1031 2856 1126 2929 spiritu
1139 2856 1202 2913 tuol
1211 2857 1260 2927 Qui
1271 2856 1454 2915 dissensiones
1467 2854 1675 2930 amplectuntur,
1689 2872 1717 2919 ει
1729 2864 1824 2921 ειιιεει

1030 2964 1124 3022 pacem
1139 2951 1160 3004 ¹.
1176 2950 1204 3007 Si
1217 2950 1327 3007 enimin
1342 2952 1437 3023 spiritu
1452 2968 1545 3009 corum
1556 2965 1628 3013 essct
1641 2972 1711 3025 pas,
1733 2973 1824 3015 nonne

1030 3044 1159 3099 unitatem
1172 3040 1331 3114 diligerent,
1354 3052 1381 3099 ει
1406 3044 1591 3116 relinquerent
1605 3047 1824 3106 dissensioneml

1031 3136 1140 3195 Falsum
1166 3152 1231 3209 ergo
1257 3138 1473 3208 pronuntiantes,
1498 3138 1594 3195 laisum
1621 3141 1742 3198 audiunt.
1768 3142 1823 3199 lios

1029 3244 1123 3285 rerum
1149 3232 1368 3301 pronuntiemus,
1396 3240 1424 3288 ει
1447 3248 1539 3290 rerum
1562 3236 1711 3293 audiamus.
1732 3236 1825 3295 Simus

1030 3322 1131 3391 lsrael,
1146 3333 1173 3379 ει
1187 3323 1380 3395 amplectemur
1402 3340 1512 3397 pacem,
1534 3328 1596 3399 quia
1610 3327 1760 3387 Jerusalem
1780 3338 1825 3388 est

1031 3413 1100 3471 risio
1113 3414 1202 3485 pacis,
1216 3424 1244 3471 et
1255 3430 1305 3472 rios
1319 3416 1399 3474 lsrael
1410 3459 1418 3485 ,
1431 3429 1458 3474 ει
1470 3436 1522 3491 pos
1535 3436 1611 3492 super
1621 3420 1714 3478 lnoel.

1034 3544 1826 3576 -ι-ῌ-..Ἣ

1228 3626 1269 3688 ΙΝ
1290 3626 1482 3691 Petuntur
1503 3628 1619 3693 CXXV

1313 3743 1522 3805 ubauuslto.

1292 3856 1379 3920 sesso
1391 3878 1426 3920 tn
1437 3878 1551 3923 rusam.

1065 3980 1091 4037 ι.
1106 3978 1182 4055 [cers.
1196 3979 1235 4055 l.]
1248 3978 1322 4039 Sicut
1330 3980 1385 4053 iam
1401 3982 1569 4049 meministis,
1583 3981 1724 4040 exordiae
1742 3982 1823 4041 nobis

1029 4074 1203 4133 tractantibus
1216 4075 1268 4133 ιειε
1288 4077 1406 4147 psalmus
1430 4084 1473 4134 εει
1497 4078 1658 4135 centesimus
1678 4078 1823 4135 vicesimus

1029 4168 1148 4246 prointus,
1162 4170 1207 4242 qui
1230 4171 1299 4227 iuter
1313 4170 1373 4226 illus
1385 4169 1502 4242 psalmos
1515 4179 1566 4240 est,
1580 4185 1693 4243 ortorum
1703 4181 1745 4228 est
1758 4172 1823 4227 titu-

1029 4262 1083 4332 lus,
1099 4262 1231 4320 Canticum
1250 4264 1384 4336 prodrmnt.
1404 4264 1452 4321 Est
1461 4272 1561 4330 autem,
1576 4263 1645 4320 sicut
1657 4264 1753 4330 nostis,
1768 4274 1822 4321 rex

1029 4357 1229 4415 ascendentium
1244 4370 1325 4427 rouo,
1339 4356 1389 4411 nisi
1402 4354 1435 4412 ad
1456 4356 1528 4412 illam
1551 4370 1691 4427 supernam
1712 4356 1823 4413 lentsa-

1030 4449 1093 4516 lem,
1118 4458 1231 4504 matrem
1257 4448 1376 4503 omnium
1401 4456 1611 4520 nostrumque
1632 4458 1673 4505 est
1696 4449 1723 4505 in
1744 4448 1821 4506 coelis

1029 4539 1129 4613 (Galat.
1141 4555 1179 4606 rr,
1192 4538 1258 4614 26)l
1271 4540 1336 4610 Quae
1358 4554 1473 4612 superna
1497 4550 1549 4611 est,
1573 4542 1629 4612 ipsa
1650 4550 1679 4598 ει
1697 4550 1820 4599 amma:

1029 4634 1088 4692 ltaec
1100 4641 1189 4691 autern
1205 4649 1264 4706 que
1277 4633 1388 4691 interra
1402 4632 1462 4701 luit,
1475 4635 1596 4693 umbram
1609 4634 1725 4692 babebat
1737 4635 1820 4691 illius.

1029 4726 1120 4799 ltaque
1141 4726 1193 4784 ista
1221 4727 1332 4796 cecidit,
1357 4727 1401 4783 ilia
1426 4736 1565 4800 permanet
1587 4745 1594 4783 :
1615 4728 1674 4784 inec
1701 4729 1822 4801 implerit

1028 4828 1134 4891 tempus
1150 4819 1355 4891 predicationis,
1372 4820 1417 4876 illa
1428 4828 1500 4877 tenet
1521 4820 1696 4877 eternitatem
1722 4830 1821 4877 nostrrc

1027 4915 1213 4989 reparationis.
1233 4916 1275 4975 Ab
1295 4916 1341 4973 illa
1361 4914 1561 4987 peregrinamur
1583 4916 1610 4971 in
1633 4914 1683 4972 bae
1702 4916 1766 4985 rita,
1786 4916 1821 4971 ad

1028 5012 1087 5084 ejus
1098 5012 1211 5068 reditum
1232 5012 1412 5081 suspiramus:
1428 5007 1528 5064 mmdiu
1549 5006 1679 5065 misericr
1694 5007 1822 5064 laborau-

1028 5113 1080 5172 tes,
1096 5104 1181 5159 donec
1195 5099 1227 5158 ad
1243 5102 1315 5157 illam
1329 5099 1480 5157 redeamus.
1494 5098 1549 5155 Nec
1568 5100 1642 5157 cives
1661 5101 1744 5156 nostri
1766 5101 1824 5156 An·

1028 5196 1080 5268 geli
1094 5194 1252 5251 dimiserunt
1272 5206 1321 5249 nus
1341 5192 1367 5249 in
1381 5190 1606 5264 peregrinatione,
1620 5192 1668 5249 sed
1680 5192 1823 5249 annuntia-

1028 5294 1124 5343 verunt
1150 5284 1227 5340 nobis
1250 5284 1337 5356 ipsum
1360 5282 1459 5355 Regem
1482 5290 1625 5340 uenturum
1649 5284 1681 5339 ad
1707 5299 1765 5341 nos.
1787 5284 1824 5341 Et

1028 5378 1102 5435 uenit
1120 5377 1152 5433 ad
1166 5390 1226 5443 nos,
1240 5383 1268 5433 ct
1279 5384 1448 5448 contemptus
1460 5384 1501 5433 est
1514 5376 1584 5433 inter
1600 5389 1677 5433 noua
1692 5376 1782 5443 nobis,
1796 5386 1825 5433 et

1028 5479 1120 5543 postea
1155 5469 1325 5524 uobiscum¹r
1341 5479 1368 5523 ει
1396 5468 1487 5525 (ιεεειι
1516 5484 1565 5526 εεε
1593 5470 1736 5537 contemni,
1760 5470 1824 5542 quia

1060 5587 1068 5618 ¹
1082 5584 1165 5634 retuso
1176 5582 1268 5634 verba:
1281 5579 1326 5643 pus·
1337 5581 1497 5636 diamassioner
1512 5582 1827 5647 messanensem

1026 5645 1220 5716 praemaluerunt
1235 5645 1328 5694 alsam.
1350 5653 1376 5697 et
1391 5648 1422 5716 ab
1445 5646 1631 5709 omntbmuss,
1650 5659 1746 5699 nemon
1763 5658 1825 5699 seu·

1027 5708 1446 5775 tentioesubsequentisrox,etirm.
1797 5710 1800 5717 '

1063 5776 1073 5807 ¹
1087 5770 1155 5831 edd..
1165 5766 1289 5823 nemmem
1296 5764 1351 5831 ιιιι.
1361 5766 1445 5835 mest,
1460 5762 1513 5831 ‘tutti
1524 5776 1538 5821 a
1549 5772 1602 5819 ιειε
