4084 6367
177 391 244 454 ,337
308 432 312 442 ,
706 381 903 442 uuannnrto
921 381 955 439 tn
972 376 1136 442 mamus
1153 382 1270 442 mant.
1744 389 1814 454 tuae

176 508 242 582 quit,
260 524 269 559 a
284 507 313 562 in
325 502 407 562 corde
419 510 466 558 tuo
480 501 541 573 quia
556 499 685 560 Dominus
699 507 741 555 est
760 496 848 562 tems,
862 503 889 552 ει
902 509 967 552 con·
1022 503 1100 562 runt,
1122 504 1149 552 et
1169 505 1258 554 tamea
1277 497 1312 554 ed
1330 498 1416 570 ipsum
1433 514 1531 574 eorpus
1548 501 1748 577 pertinuerunt,
1763 508 1814 565 sibi

176 600 262 656 ιεεεει
281 595 366 654 inerit
383 595 410 652 ia
430 608 477 652 ore
496 601 542 650 tuo
558 592 620 665 quia
635 591 707 648 Deus
717 590 789 645 ilium
803 586 967 644 suscitavita
1022 585 1212 646 innotescendo
1226 589 1373 660 deterunt,
1388 600 1416 648 et
1431 601 1501 648 tuam
1516 595 1628 666 qratiam
1647 597 1756 654 solidius
1775 599 1815 655 in·

176 689 305 755 mortuina
326 686 416 744 seium
434 684 497 740 cris.
518 681 606 740 Corde
627 683 698 738 enine
716 679 834 736 ereditur
845 675 968 748 adjusti·
1022 688 1160 744 ueneruat,
1176 681 1238 751 quia
1250 697 1325 739 suam
1338 685 1489 755 superbiam
1504 685 1686 758 perdideruat.
1702 691 1772 762 Erqo
1784 708 1816 747 as

178 783 253 850 tiam,
266 795 316 836 orc
326 789 417 836 summ
430 775 564 834 ooniessio
576 775 605 832 stt
619 775 645 830 ia
658 774 771 830 salutem
787 769 881 844 (uon.
894 786 922 837 r,
936 769 968 827 8·
1021 773 1125 841 auferes
1142 788 1174 826 ee
1191 788 1234 828 ors
1247 791 1302 830 ntea
1318 775 1419 832 seium
1435 780 1546 835 eatinis
1558 797 1639 852 ssqse
1654 779 1742 851 aeide,
1756 784 1817 854 quia

177 877 210 929 tu
223 875 242 944 ).
269 873 367 928 Parnm
387 880 429 926 cst
450 884 515 940 erqo
529 868 556 923 in
569 866 650 924 eorde
665 865 764 922 irabcre
783 861 929 928 (iitristum,
942 869 971 918 et
1023 859 1050 914 in
1059 861 1167 931 judiciis
1181 863 1231 918 tais
1241 870 1425 938 supersperavi.

177 965 248 1020 rantis
266 963 390 1020 confiteri
406 960 470 1018 dum
485 960 593 1016 tirnetur
604 956 794 1028 opprobrium:
811 953 857 1012 sed
872 967 969 1024 eapro-
1058 952 1086 1008 ι.
1101 951 1180 1026 [aere.
1194 954 1259 1030 tt]
1274 954 1309 1011 Et
1328 960 1468 1016 antediem
1487 961 1566 1034 iepeas
1576 973 1646 1020 tuom
1657 982 1754 1038 seraper
1766 983 1777 1022 .·
1788 966 1816 1023 id
1896 989 1908 1008 ·

177 1055 317 1112 arantibus
330 1052 544 1126 mspondendum
559 1058 601 1108 εει
614 1049 735 1106 verbum.
757 1045 793 1104 Ut
816 1055 902 1102 autom
920 1044 971 1102 boc
1024 1053 1079 1112 est,
1098 1044 1121 1101 si
1141 1060 1194 1102 non
1212 1048 1353 1106 abstuleris
1366 1067 1399 1106 ex
1412 1067 1459 1107 ore
1473 1067 1535 1110 nteo
1551 1057 1660 1113 uerbum
1681 1059 1814 1130 ueritatis,

176 1159 309 1223 martyres
327 1156 452 1221 possent,
478 1145 638 1218 proruissent
662 1152 704 1200 est
729 1142 785 1209 eis,
810 1151 837 1197 et
860 1141 970 1209 dietum,
1024 1136 1257 1212 essedariique
1274 1148 1343 1194 tuens
1358 1143 1679 1215 urrrper.1nseeeeiaraet
1693 1151 1720 1204 in
1733 1167 1814 1206 sem.

178 1241 241 1298 uon
261 1243 329 1298 ersins
346 1257 389 1298 ros
406 1241 466 1296 esna
479 1239 523 1312 qai
535 1237 685 1309 loquimini,
698 1235 742 1290 sed
756 1234 869 1306 Spiritus
884 1231 972 1290 Patris
1024 1230 1078 1285 irent
1091 1233 1177 1287 mettii
1188 1249 1198 1290 .·
1210 1237 1327 1290 ostendit
1341 1237 1403 1307 quid
1416 1238 1530 1306 dixerit,
1544 1257 1650 1313 seraper.
1667 1243 1817 1315 Aliquando

178 1337 263 1406 reni,
274 1337 317 1408 qui
329 1336 442 1408 ioqaitar
453 1334 480 1389 iat
489 1332 558 1388 sodis
572 1330 678 1406 (iiattit.
694 1347 722 1396 r,
734 1328 792 1400 ιθ).
806 1326 869 1385 ideo
881 1336 909 1384 ει
921 1329 972 1385 iste
1024 1323 1123 1378 cicuitu
1137 1341 1236 1394 surtper
1250 1324 1413 1397 inteiiipitur,
1429 1328 1560 1398 Quasttdiu
1577 1331 1622 1388 iaie
1639 1334 1753 1404 uivitor;
1769 1337 1817 1393 scd

177 1444 240 1484 entn
252 1427 373 1494 dixisset,
386 1425 552 1497 Respondebo
559 1421 768 1495 camoenarum
781 1421 844 1476 mibi
855 1420 972 1486 ueritum

177 1519 309 1574 εειιιὶιιιιε
330 1517 459 1588 sequimr,
487 1515 614 1584 Quoniam
633 1513 732 1586 sperati
750 1513 777 1568 irs
800 1512 879 1568 uerbis
899 1513 973 1568 tuis:

177 1609 251 1680 quod
261 1617 305 1666 est
316 1610 417 1680 numo,
434 1609 460 1664 iu
471 1607 609 1678 promissis
623 1605 685 1662 tuis.

112 1723 117 1732 ·
213 1699 241 1756 d.
262 1697 342 1773 [cers.
363 1695 426 1771 ib]
449 1696 503 1753 Sed
522 1696 647 1769 quoniam
668 1693 775 1768 piunroi
795 1694 916 1766 quamuis
939 1691 972 1750 ad

123 1791 127 1798 '
179 1789 266 1861 ipsum
288 1804 402 1862 wrpus,
421 1789 497 1860 eujus
517 1788 575 1846 bare
593 1787 674 1844 uerba
694 1795 772 1854 susat,
790 1786 970 1858 pertinentes,

178 1880 253 1950 prasi
272 1881 391 1952 pondere
409 1879 603 1951 persecutionis
625 1887 734 1951 urgente
758 1893 811 1933 nun
833 1878 974 1934 valuerunt

177 1973 312 2028 sustineto
325 1971 566 2043 exprobrationem,
577 1977 606 2026 et
618 1969 754 2026 Christum
766 1969 915 2026 deficiendo
927 1985 974 2026 ne-

177 2072 324 2134 arvernum
337 2063 399 2121 ideo
410 2063 539 2134 sequeitur,
553 2060 587 2118 et
600 2078 631 2116 ne
641 2061 744 2131 osseas
755 2062 787 2116 de
799 2076 842 2115 ore
853 2077 907 2115 meo
918 2077 974 2114 uer·

178 2157 237 2212 ianr
248 2157 360 2214 enitatis
369 2173 447 2228 esque
457 2156 540 2239 aeide.
553 2155 591 2212 Ex
601 2169 649 2212 cre
658 2170 707 2210 suo
719 2153 817 2226 quippe
826 2154 901 2223 dicit,
911 2155 974 2226 quis

179 2250 267 2306 nitas
281 2249 401 2320 eorporis
415 2247 546 2321 loquitur,
562 2248 589 2304 in
602 2249 679 2318 cuius
696 2247 825 2304 nsembris
841 2248 921 2304 stiam
936 2245 974 2301 iiii

176 2343 341 2412 deputantur
361 2342 406 2413 qui
426 2341 581 2398 deterserant
599 2341 633 2394 ud
653 2339 746 2398 iseram
769 2340 907 2411 negando,
925 2338 973 2397 sed

177 2431 335 2506 poenitendo
349 2441 442 2504 postca
455 2432 623 2501 revixerunt,
635 2431 677 2488 uei
689 2431 768 2486 etiarn
782 2431 902 2503 martyrii
916 2430 974 2500 pai·

177 2541 249 2582 marn
262 2540 344 2596 quara
364 2523 553 2596 perdiderant,
572 2533 695 2595 reparata
712 2524 880 2580 cuniessioue
900 2538 974 2580 sum-

178 2625 300 2690 pserunt.
320 2617 378 2673 Non
399 2617 479 2690 igitur
497 2633 577 2690 usque
596 2617 682 2684 sude,
700 2616 760 2686 uei,
779 2616 849 2673 sicut
866 2615 974 2689 quidam

176 2710 286 2768 codices
297 2708 411 2780 brume,
425 2725 478 2766 tion
490 2726 680 2783 ummqaoque,
695 2709 746 2766 ltuc
760 2719 802 2766 est
817 2726 871 2768 non
886 2711 973 2768 enuti-

177 2802 270 2872 ntodo,
286 2819 320 2859 es
331 2818 379 2859 ore
394 2803 477 2869 Petri,
493 2803 519 2859 in
532 2819 585 2875 quo
596 2812 653 2860 erat
667 2811 744 2876 typus
757 2803 895 2872 iieeiesiee,
912 2819 974 2860 rer·

177 2891 378 2952 mesenatis
395 2894 513 2952 abietum
527 2904 569 2952 εει
582 2911 589 2950 s
603 2895 664 2966 quia
676 2895 726 2951 etsi
740 2894 774 2952 sd
786 2894 880 2952 iterant
894 2883 975 2967 trega-

177 2989 216 3043 rit
229 2987 325 3044 umere
339 2987 477 3055 turbatus,
493 2994 581 3044 uruca
597 2985 685 3044 deride
698 2995 739 3042 est
759 2996 897 3058 reparatus
911 2985 971 3059 (id.

177 3093 254 3147 saur,
269 3077 363 3151 taut)
375 3085 422 3145 ,ει
432 3077 585 3134 εοιιιιιεεεε
599 3087 641 3134 est
653 3087 745 3150 postea
758 3087 910 3134 coronatus.
923 3078 975 3134 To·

178 3177 233 3226 tuum
253 3169 342 3240 tuque
359 3183 457 3240 corpus
470 3167 570 3227 Christi
585 3168 718 3240 loquitur,
734 3167 760 3224 id
774 3179 833 3236 cst,
847 3168 975 3226 Ecclesiae

177 3273 279 3320 meets
296 3261 475 3320 universitas:
492 3261 519 3318 in
535 3276 589 3333 quo
609 3269 665 3318 toto
683 3275 797 3332 corpore
815 3261 872 3318 sire
893 3263 972 3333 quia,

171 3353 337 3426 mutibus
360 3352 497 3423 piurimis,
519 3360 707 3410 retrorserunt
724 3349 809 3410 iortcs
825 3353 869 3423 qui
890 3367 975 3422 usquo

177 3444 211 3502 sd
223 3452 339 3502 mortem
353 3457 403 3515 pro
414 3442 527 3500 ueritate
543 3449 695 3510 cerurent,
710 3443 767 3501 siue
782 3443 844 3514 qnia
857 3451 928 3500 etex
943 3441 975 3499 iis

177 3538 224 3610 qui
236 3545 401 3609 amaverant
417 3536 495 3592 ntuiti
513 3535 629 3608 reparati
643 3543 722 3604 sunt,
737 3550 791 3592 uon
803 3545 845 3594 est
857 3537 974 3594 citimum

178 3643 211 3685 es
223 3629 284 3700 sius
296 3643 344 3685 ore
355 3628 467 3686 verbum
480 3628 598 3684 ueritatis
610 3644 688 3700 eque
698 3628 782 3684 aeide.
797 3628 873 3697 Quod
885 3637 974 3686 autent

179 3721 232 3788 ait,
245 3737 278 3778 tte
291 3720 408 3792 assam,
422 3718 623 3792 intciiipendmu
641 3727 700 3785 est,
716 3736 750 3774 ne
768 3719 865 3776 auierri
884 3721 973 3787 sinas;

179 3813 373 3886 propterquod
387 3813 632 3880 orcadensibus,
647 3811 691 3868 Ne
709 3829 754 3868 nos
771 3814 866 3884 irrqaes
879 3815 906 3868 s'n
918 3822 974 3868 ten-

179 3909 298 3964 tationem
311 3905 370 3976 (td.
386 3923 430 3974 ur,
446 3905 506 3980 id).
526 3907 561 3964 Ει
577 3907 634 3976 ipse
653 3906 782 3962 Dominus
797 3905 831 3962 a'd
849 3905 973 3974 Petrum,

179 3999 288 4074 Rapaci,
304 4001 400 4072 inquit,
415 4018 461 4073 pro
475 4011 507 4067 te,
523 4016 554 4056 ue
566 3999 668 4070 deficiat
681 3998 745 4068 pides
757 4009 801 4054 tua
815 3997 891 4070 (Luc.
909 4011 974 4067 srrt,

180 4092 244 4166 52i;
261 4093 312 4149 boe
326 4099 378 4158 cst,
393 4107 427 4149 ne
440 4091 574 4148 auferatur
587 4107 619 4147 er
634 4105 682 4146 ore
696 4098 741 4145 tuo
755 4090 865 4145 uerbum
879 4089 976 4146 iterim·

181 4187 212 4242 tis
224 4201 303 4258 aeque
313 4185 396 4242 wide.
411 4183 544 4256 Sequitur,
561 4183 627 4248 Quia
639 4183 667 4237 iu
680 4182 786 4254 judiciis
799 4182 847 4236 teris
861 4181 959 4252 sperem
964 4195 975 4247 ,·

179 4276 231 4342 rei,
247 4277 316 4332 sicut
331 4275 365 4332 de
378 4290 467 4347 qraeco
480 4273 587 4344 quidam
605 4273 757 4343 diligentius
771 4281 973 4344 expresserunt,

180 4366 354 4438 supersperavi
362 4365 399 4438 (o)
414 4385 421 4423 :
434 4365 504 4438 quod
515 4365 624 4420 uerbum
635 4363 685 4420 etsi
698 4363 785 4420 ntirius
795 4365 891 4422 usitate
902 4379 976 4420 com

179 4459 294 4530 positum
310 4467 360 4528 cst,
374 4465 460 4512 tamen
474 4455 565 4528 implet
578 4453 699 4512 ueritatis
712 4453 917 4526 interpretanda
928 4471 974 4512 ue-

180 4552 341 4608 cessitatem.
356 4549 489 4606 attentius
503 4563 567 4620 erqo
582 4547 659 4603 trabis
677 4547 728 4602 loci
746 4543 825 4618 liujus
839 4548 974 4606 rimandas

179 4655 221 4702 est
233 4659 346 4714 sensus,
362 4654 391 4701 ut
409 4643 602 4715 intelligamus,
619 4650 745 4714 quantum
760 4641 832 4698 licus
852 4642 973 4714 adjrtuat,

179 4740 242 4810 quid
257 4741 307 4798 sibi
327 4739 406 4806 usiit,
421 4737 456 4793 in
469 4739 548 4794 undis
563 4737 612 4793 tuis
628 4737 726 4808 sperari
735 4777 744 4804 ,
758 4734 792 4790 in
806 4736 912 4806 judiciis
926 4737 975 4792 tais

180 4833 363 4904 supersperoui.
378 4829 560 4902 Respondebo,
576 4828 678 4899 inquit,
691 4827 899 4898 exprobrantibus
913 4825 976 4882 turibi

180 4925 291 4992 samaa,
301 4923 420 4996 quoniam
432 4921 530 4995 sperari
539 4921 565 4976 ia
578 4919 657 4975 nobb
667 4919 735 4975 tois:
749 4917 774 4974 id
784 4927 834 4984 cst,
848 4917 973 4990 quoniam

180 5015 244 5073 mibi
257 5016 308 5074 buc
321 5017 378 5088 ipse
391 5015 545 5086 promisisti.
558 5013 591 5069 Et
602 5030 633 5068 rte
644 5012 745 5082 auferas
757 5028 788 5066 ce
800 5027 842 5066 ore
852 5027 906 5066 meo
920 5027 974 5066 oer-

181 5101 238 5164 ira
257 5109 368 5164 centoris
386 5101 463 5178 usque
480 5106 567 5172 auide,
581 5103 699 5176 quonium
715 5101 742 5157 t'n
750 5101 857 5173 judiciis
869 5102 919 5157 tuis
931 5119 975 5158 aa·

181 5199 324 5269 ρεεερετεεὶ
338 5213 348 5254 .·
363 5197 389 5254 id
410 5207 467 5266 εει,
481 5195 605 5268 quoniam
620 5192 719 5265 iudicia
740 5200 800 5260 tua,
816 5193 911 5263 quibus
930 5209 973 5248 nae

180 5289 292 5361 corripis
312 5299 340 5348 et
357 5287 491 5360 degeiias,
513 5302 564 5342 tion
584 5286 670 5342 solum
694 5283 759 5340 mibi
780 5297 832 5339 aton
849 5283 974 5340 unierunt

181 5392 266 5450 spem,
279 5395 369 5438 uerunt
383 5387 479 5451 augent
491 5377 571 5434 ctiam
584 5395 591 5432 :
604 5375 726 5448 quioniam
739 5389 816 5446 quem
827 5373 911 5445 diiigit
921 5376 973 5430 Do·
998 5389 1001 5396 ’

182 5472 268 5530 minus
285 5471 410 5542 serapim
431 5469 545 5541 uageiiat
562 5479 650 5526 autent
667 5482 773 5522 oannem
794 5464 875 5521 filiunt
893 5481 972 5538 quem

181 5565 274 5636 recipit
288 5562 386 5638 (Habe.
406 5580 458 5631 sn,
475 5563 520 5634 d).
537 5563 607 5618 Eece
621 5561 692 5616 eninr
711 5560 796 5616 sancti
814 5567 841 5617 et
860 5559 972 5618 iartmiles

180 5657 259 5714 corde
272 5656 306 5714 de
321 5665 347 5712 ιε
361 5655 555 5728 praesumendo,
571 5655 597 5709 in
612 5651 841 5724 persecutionibus
855 5668 907 5708 non
922 5652 970 5709 de-

180 5746 314 5818 toccruot3
328 5763 393 5806 eece
407 5749 489 5806 etiarn
504 5747 551 5822 qui
565 5747 599 5805 dc
614 5759 644 5804 so
660 5743 847 5820 presumendo
863 5743 970 5802 deiece-

208 5859 463 5930 (simeonibus

1025 1411 1077 1471 hoc
1090 1430 1144 1470 non
1156 1425 1207 1481 est,
1220 1416 1247 1470 iu
1260 1415 1383 1473 mian
1395 1428 1418 1473 ει
1428 1421 1455 1474 in
1466 1422 1589 1477 maium
1600 1426 1686 1480 secuii
1699 1443 1709 1481 .·
1723 1427 1817 1484 rnciius

1024 1505 1123 1575 quippe
1136 1506 1171 1560 ita
1186 1504 1388 1578 interpretatum
1401 1519 1453 1579 est,
1467 1528 1556 1591 quana,
1572 1516 1640 1571 sicut
1651 1518 1757 1587 quidam
1771 1533 1818 1590 eo·

1024 1593 1099 1652 dices
1119 1597 1235 1666 trabere,
1247 1600 1275 1655 irs
1292 1608 1414 1656 neutros
1426 1612 1449 1657 et
1464 1605 1627 1662 in-seeuiant
1639 1610 1742 1677 secaiip
1755 1613 1818 1684 quis

1025 1702 1079 1742 nou
1092 1698 1236 1758 potuerunt
1246 1689 1348 1760 dicere,
1361 1703 1389 1748 et
1402 1694 1428 1748 in
1441 1703 1571 1752 aemraum
1583 1700 1686 1756 utenti.
1699 1700 1755 1758 Lex
1767 1703 1819 1758 ita-

1025 1795 1077 1850 que
1090 1780 1140 1836 ista
1157 1781 1325 1854 intelligenda
1337 1793 1381 1839 est
1390 1785 1425 1842 de
1437 1801 1487 1856 qua
1501 1786 1566 1843 dicit
1580 1789 1739 1861 Apostolus,
1753 1791 1818 1848 Pie-

1025 1871 1114 1926 aitudo
1126 1872 1189 1943 iepis
1200 1874 1312 1929 cianus
1322 1874 1411 1946 (iiont.
1427 1892 1486 1941 xttt,
1500 1876 1557 1950 id).
1573 1879 1636 1936 Hauc
1647 1882 1718 1937 cuim
1731 1897 1747 1936 a
1759 1899 1820 1941 sut:-

1025 1964 1094 2028 etis,
1109 1979 1222 2034 quorum
1236 1981 1269 2020 es
1287 1983 1334 2023 ure
1352 1983 1404 2022 ason
1421 1967 1542 2026 aufertor
1554 1971 1664 2027 uerburn
1683 1974 1819 2044 ueritatis,

1026 2055 1078 2110 boc
1095 2067 1151 2123 εει,
1173 2057 1208 2112 ab
1228 2059 1284 2128 ipsa
1306 2057 1404 2115 Cirristi
1425 2059 1545 2118 Εεειεείε
1566 2064 1744 2134 custodietur,
1766 2083 1820 2126 nou

1026 2145 1112 2203 seium
1126 2148 1153 2202 in
1168 2147 1220 2204 iseo
1231 2151 1371 2220 saeculum,
1384 2151 1474 2219 idest,
1487 2152 1575 2211 donec
1587 2156 1694 2215 ilrriatur
1705 2160 1757 2218 hec
1770 2177 1821 2219 erc-

1025 2239 1131 2308 ouium;
1142 2239 1189 2296 sed
1198 2242 1278 2296 etism
1289 2242 1315 2296 in
1327 2242 1449 2312 aiterum,
1461 2246 1532 2315 quud
1542 2247 1692 2318 appetatur
1700 2253 1821 2323 εεεειμιε

1024 2330 1123 2386 recab.
1142 2330 1234 2403 Neque
1246 2333 1319 2389 esaim
1336 2345 1468 2404 precepta
1482 2335 1566 2408 ieqis,
1581 2339 1650 2395 sicut
1666 2340 1727 2408 bie,
1740 2344 1821 2402 etiam

1026 2420 1063 2476 ibi
1075 2423 1211 2492 accepturi
1226 2438 1319 2480 sumus
1331 2441 1391 2494 quae
1404 2427 1599 2496 custodiamus,
1612 2430 1661 2487 sed
1678 2430 1763 2503 ipsam
1778 2435 1821 2490 ie·

1026 2515 1084 2585 gis,
1098 2525 1126 2570 ut
1137 2516 1207 2585 disi,
1225 2516 1418 2589 plenitudinem
1433 2519 1492 2576 sine
1510 2522 1565 2576 ulio
1582 2525 1707 2594 peceandi
1725 2527 1821 2584 tintore

1026 2605 1192 2662 servabimus
1207 2627 1214 2660 :
1229 2609 1291 2678 quie
1305 2618 1332 2664 ει
1346 2609 1429 2666 munt
1450 2611 1568 2680 pientius,
1582 2629 1644 2672 cum
1657 2615 1820 2686 uiderimus,

1026 2697 1189 2762 octabianus,
1211 2706 1239 2754 et
1256 2700 1423 2770 proximum,
1444 2702 1507 2774 quis
1528 2704 1599 2761 licus
1617 2708 1668 2762 erit
1685 2710 1774 2766 omitia
1792 2710 1821 2770 iu

1026 2790 1150 2846 ominibus
1160 2789 1186 2862 (Ι
1198 2789 1257 2848 Gor.
1269 2808 1314 2859 rr,
1328 2792 1392 2866 28);
1405 2809 1455 2850 ιιεε
1463 2793 1538 2851 ialsae
1549 2798 1672 2870 uaiqmm
1683 2801 1718 2858 de
1729 2805 1821 2874 prosi·

1026 2895 1072 2937 mo
1082 2881 1227 2952 suspicioni
1240 2885 1291 2940 erit
1302 2885 1394 2953 iocus,
1409 2887 1454 2944 ubi
1469 2891 1557 2947 nuilus
1569 2892 1614 2948 ulii
1627 2895 1679 2950 erit
1690 2898 1820 2955 monitus.

1025 3055 1030 3062 Ι
1336 2992 1423 3034 sesac
1441 2995 1496 3034 stu.

1063 3067 1089 3121 i.
1101 3063 1176 3140 [ters.
1189 3067 1248 3140 ib]
1259 3068 1417 3139 Superimes
1427 3086 1521 3128 tersus
1533 3075 1628 3143 proiiri
1638 3077 1733 3147 pssimi
1742 3079 1822 3152 buius

1026 3159 1175 3216 umbonem
1189 3160 1303 3227 babucum
1316 3161 1344 3218 bi
1354 3171 1444 3218 sumtu
1453 3164 1500 3234 qui
1511 3176 1665 3237 sequuntur,
1677 3171 1821 3242 dequibus

1027 3267 1099 3308 nune
1118 3252 1306 3322 disputandum
1326 3264 1383 3322 est,
1406 3257 1597 3316 enarrationem.
1619 3259 1730 3319 Petebat
1749 3265 1820 3336 onim

1028 3344 1109 3402 itomo
1121 3346 1169 3402 bei
1180 3348 1301 3418 superius
1317 3347 1477 3419 adjutorium
1492 3353 1583 3421 gratiss
1597 3352 1660 3422 Dei,
1672 3369 1733 3412 cum
1746 3356 1822 3415 dies·

1026 3440 1082 3507 bat,
1097 3439 1129 3496 iu
1143 3450 1188 3496 tuo
1198 3442 1299 3515 insuda
1313 3443 1413 3513 sisipoti
1428 3460 1485 3514 orep
1497 3454 1522 3500 et
1533 3449 1614 3503 ueniet
1631 3466 1707 3523 seper
1720 3467 1760 3508 sss
1770 3455 1821 3510 nsi-

1027 3535 1164 3590 esrieordio
1180 3544 1241 3599 tao,
1260 3533 1369 3592 deniare
1381 3553 1392 3592 .·
1402 3546 1431 3594 et
1442 3537 1494 3594 alia
1513 3539 1610 3598 simiiia
1627 3541 1671 3600 sel
1686 3558 1766 3617 supra
1779 3547 1822 3605 rei

1027 3626 1105 3682 inira.
1119 3625 1195 3683 Nunc
1208 3628 1374 3700 autemdicit
1389 3647 1396 3684 ε
1409 3629 1444 3685 nt
1460 3632 1618 3689 coambiens
1631 3635 1658 3692 its
1670 3638 1820 3710 latitudine,

1027 3721 1146 3791 quotsiont
1159 3723 1281 3776 masdeio
1293 3730 1338 3777 tua
1351 3724 1483 3796 exquisim
1497 3723 1533 3779 Et
1545 3725 1664 3798 loquebar
1674 3730 1701 3784 in
1712 3734 1822 3788 testimo·
1839 3784 1842 3791 .

1027 3811 1077 3866 niis
1094 3812 1144 3866 trab
1161 3812 1189 3866 in
1208 3823 1342 3886 conspecta
1359 3830 1464 3884 emuna,
1479 3823 1504 3869 et
1522 3819 1822 3886 persentiscerem&

1028 3902 1167 3958 erudiendae
1175 3904 1203 3958 its
1213 3905 1341 3960 otmdutts
1353 3905 1412 3971 tais,
1425 3922 1482 3976 qaae
1492 3905 1580 3963 diieei.
1594 3907 1628 3963 Et
1641 3911 1721 3966 iecori
1731 3929 1822 3978 mesu

1027 4007 1096 4047 arms
1107 3993 1142 4047 ud
1155 3994 1275 4049 airaadaas
1287 4003 1341 4063 tuo,
1354 4011 1410 4067 quse
1421 3994 1517 4062 dimi,-
1530 4007 1555 4052 et
1565 4000 1698 4056 εεεεεειεε
1709 4003 1736 4058 in
1744 4003 1822 4077 p’asti·

1029 4083 1186 4151 muratus
1199 4086 1259 4142 tuis.
1270 4085 1322 4142 tibi
1334 4087 1468 4143 narrantis
1480 4087 1561 4144 rerba
1573 4100 1644 4157 sunt,
1660 4107 1714 4150 noa
1728 4103 1822 4165 peten-

1028 4175 1079 4243 tis;
1093 4177 1174 4244 reiut,
1188 4178 1404 4250 impetratisque
1416 4181 1556 4250 petiverat,
1566 4183 1725 4242 corrdteatur
1736 4187 1822 4247 inbei

1028 4266 1149 4326 laudibus
1163 4271 1267 4341 qualem
1287 4271 1363 4327 iilum
1382 4272 1480 4329 iecerat
1499 4274 1679 4337 ntiserieurdia
1698 4279 1820 4350 bonini,

1028 4377 1108 4438 quam
1122 4377 1248 4434 superse
1263 4363 1355 4420 restire
1376 4376 1541 4436 poposcerat.
1562 4365 1655 4440 Neque
1671 4371 1744 4428 atina
1764 4373 1822 4432 isses

1027 4457 1064 4514 ita
1082 4456 1264 4529 superioribus
1279 4455 1434 4528 conjunxit,
1448 4464 1477 4514 ut
1490 4457 1608 4527 diceret,
1623 4460 1657 4517 Ει
1670 4477 1705 4522 ne
1716 4464 1822 4522 aubras

1027 4569 1062 4611 es
1071 4567 1121 4610 ore
1131 4567 1193 4608 meo
1205 4551 1316 4609 uerbum
1327 4551 1447 4608 ueritatis
1459 4569 1543 4625 usque
1557 4555 1651 4626 ualde,
1666 4560 1728 4630 quia
1739 4561 1768 4617 in
1778 4561 1822 4632 jn-

1027 4644 1104 4702 diciis
1125 4645 1179 4701 tuis
1198 4643 1400 4714 supersperavi,
1421 4641 1457 4698 Et
1476 4645 1624 4702 custodiam
1644 4649 1730 4721 tegern
1748 4660 1821 4710 mam

1028 4753 1144 4810 semper,
1158 4738 1185 4792 in
1197 4737 1365 4793 manicaret
1380 4735 1408 4792 itt
1425 4737 1666 4808 maturassent,
1680 4743 1714 4798 Et
1726 4745 1823 4800 ansbu-

1027 4832 1088 4888 labo
1105 4833 1131 4886 in
1148 4829 1297 4897 latitudine,
1311 4829 1372 4900 quia
1384 4828 1509 4888 mandata
1522 4839 1567 4886 tua
1579 4831 1717 4900 exquisivi,
1732 4833 1767 4888 tit
1778 4834 1822 4890 io·

1027 4938 1094 4994 quar
1105 4922 1132 4977 in
1149 4921 1308 4977 testimoniis
1322 4920 1374 4977 tuis
1390 4919 1417 4974 in
1436 4930 1581 4991 conspeetu
1598 4936 1708 4993 reqmn,
1722 4932 1750 4980 et
1767 4939 1823 4986 tres

1027 5015 1188 5082 contundam
1201 5024 1229 5072 ει
1241 5022 1337 5071 msera
1352 5015 1405 5071 isto
1416 5014 1512 5084 nando;
1526 5015 1567 5070 sie
1577 5017 1648 5070 enirn
1660 5015 1766 5074 ridetur
1778 5037 1822 5077 se-

1026 5107 1133 5180 quentia
1148 5106 1360 5177 precedentibus
1373 5106 1497 5164 debuisse
1510 5116 1671 5166 contremere
1685 5126 1692 5162 ε
1706 5111 1754 5167 sed
1769 5114 1819 5183 sit,

1028 5201 1062 5257 it't
1073 5199 1234 5257 rametam
1241 5201 1270 5257 in
1281 5200 1424 5258 latitudines.
1435 5199 1486 5256 Ubi
1497 5199 1645 5271 copulativa
1654 5202 1818 5273 conjrnretio,

1025 5293 1128 5362 idest,
1147 5292 1195 5356 b'r,
1208 5293 1280 5349 reiut
1299 5293 1493 5360 inconsequens
1511 5290 1597 5361 posita
1617 5301 1672 5358 cst;
1688 5295 1749 5364 quis
1765 5311 1821 5355 non

1026 5386 1072 5451 sit,
1089 5385 1123 5440 lit
1135 5383 1286 5448 ambulabo,
1303 5379 1439 5454 quomodo
1451 5380 1567 5447 dicebat,
1582 5382 1616 5438 Et
1628 5387 1767 5442 meudun
1781 5389 1819 5446 ie-

1025 5493 1082 5547 pem
1096 5485 1166 5531 tuaest
1178 5490 1286 5544 uesper.
1302 5473 1355 5530 Aut
1368 5481 1442 5528 certe
1454 5472 1478 5528 si
1490 5473 1610 5544 optativo
1625 5478 1706 5534 modo
1718 5478 1820 5538 dietum

1025 5577 1081 5637 est,
1097 5567 1242 5627 custodian
1261 5566 1340 5638 iopen
1358 5573 1445 5632 teamp
1458 5579 1512 5620 non
1528 5566 1581 5632 ait,
1596 5567 1630 5622 Et
1645 5567 1778 5628 ambulem
1792 5572 1820 5628 in

1024 5660 1180 5727 latiusdine,
1192 5657 1267 5727 ‹ruasi
1279 5666 1421 5728 utrumque
1434 5657 1584 5728 optauerit,
1598 5668 1626 5714 et
1644 5662 1794 5730 poposcerit
1809 5679 1817 5717 e

1023 5753 1073 5811 sed
1086 5757 1133 5820 ait,
1150 5752 1183 5806 m
1194 5749 1354 5807 anbsisiem
1366 5751 1394 5804 in
1407 5749 1551 5808 munero.
1564 5749 1615 5808 Ubi
1629 5752 1652 5806 si
1665 5752 1818 5822 conjunctio

977 5873 979 5880 ⁴
1024 5846 1075 5905 ista
1088 5859 1143 5902 nos
1158 5852 1247 5914 εειει,
1261 5841 1312 5900 sed
1327 5859 1343 5901 a
1361 5844 1529 5916 superiorem
1546 5842 1713 5900 nonnemone
1733 5843 1818 5918 iibere
