4084 6367
270 367 344 432 lm

271 479 382 538 castitas
399 479 477 537 nobis
488 476 612 548 prodest,
620 491 656 532 ne
669 477 811 546 perdamus
824 477 927 532 animas
938 483 1054 532 nostras.

272 550 381 608 lustitia
392 551 448 604 sola
460 563 556 618 magna
574 548 656 602 virtus
670 556 754 602 estet
769 557 854 604 mater
867 548 995 603 omnium.
1010 547 1057 600 lli·

273 631 318 676 eat
329 622 441 690 aliquis:
457 617 596 684 Quomodo
612 617 714 688 justitia
728 617 814 686 major
828 625 870 672 est
882 618 988 672 caeteris
1001 616 1056 670 rir-

272 691 393 747 tuiibusi
403 689 513 744 Ceterae
523 688 633 742 virtutes
647 687 788 742 habentem
798 687 941 752 delectans
954 686 1057 756 justitia

271 776 327 816 non
339 760 454 816 delectat
471 759 614 817 bibentem
624 772 665 820 se,
678 757 726 812 sed
739 758 814 811 alios.
825 757 853 812 Si
865 772 923 812 sum
936 757 1055 825 sapiens,

271 830 403 899 sapientia
414 843 458 885 me
470 828 599 893 delectat;
612 827 635 882 si
649 842 708 882 sum
720 827 806 894 lortis,
821 842 863 882 me
874 828 988 882 delectat
1000 829 1055 881 ior·

271 900 358 955 titudo
371 913 447 963 mea3
461 899 483 952 si
496 897 574 952 luero
586 907 685 959 custus,
700 898 810 952 castitas
824 913 881 951 urea
894 897 983 952 letitia
998 913 1055 951 mea

273 977 316 1024 est
326 986 333 1022 ε
342 975 468 1024 ceterum
480 966 581 1036 jusitia
597 983 651 1020 rrnn
667 968 775 1035 prodest
785 966 903 1032 babenti,
914 967 961 1022 sed
975 975 1057 1022 emto·

271 1038 311 1093 ris
333 1037 438 1093 miseris
456 1053 509 1092 non
531 1037 699 1094 habentibus.
714 1037 768 1092 l'nc
782 1036 897 1106 aliquem
913 1051 1056 1105 pauperem

271 1110 358 1163 rixam
377 1108 474 1162 babere
496 1122 558 1162 cum
582 1106 663 1161 iratre
686 1122 763 1170 meo;
780 1107 820 1160 iao
843 1105 950 1162 iratrem
968 1123 1057 1161 mcum

273 1189 410 1246 potentem
423 1192 492 1239 esse,
506 1186 534 1230 et
547 1176 628 1230 alium
645 1177 714 1239 ,boc
727 1184 768 1230 est
779 1177 894 1229 alionum
907 1191 922 1230 a
935 1191 978 1230 me
993 1191 1054 1246 pau·

273 1262 364 1316 percm
379 1255 407 1302 et
418 1249 554 1309 miserum,
567 1246 679 1314 opprimi
693 1262 740 1314 per
755 1246 899 1315 potentiam
911 1263 918 1297 ε
928 1247 1057 1314 sapientia

273 1331 333 1373 urea
345 1317 410 1388 quid
424 1317 533 1386 prodest
551 1316 684 1387 papperii
695 1316 823 1372 fortitudo
844 1330 903 1369 mco
914 1317 977 1380 otrid
992 1331 1056 1384 pro-

272 1386 334 1442 dest
348 1387 480 1456 pauperi?
498 1402 557 1441 mea
575 1387 684 1440 castitas
700 1386 762 1455 qtrid
782 1385 890 1454 prodest
909 1387 1017 1454 pauperi
1029 1385 1058 1438 ¹?

272 1456 378 1511 lustitia
393 1456 511 1525 prodest,
525 1459 651 1526 quioniam
666 1471 719 1510 uon
734 1455 834 1524 accipio
847 1469 987 1524 personam
1002 1455 1057 1509 lra-

273 1527 334 1594 tris,
348 1526 396 1581 sed
409 1529 580 1596 proteritate
603 1525 702 1595 judico.
720 1525 824 1579 iustitia
847 1540 899 1578 non
921 1526 993 1579 uouit
1007 1525 1060 1580 ira·

273 1606 353 1661 trem,
366 1611 420 1650 uon
435 1597 509 1650 norit
522 1606 633 1651 matrem
646 1635 654 1660 ,
668 1609 721 1649 nou
736 1597 809 1647 rrorit
830 1604 948 1664 patrem;
961 1596 1060 1650 verita·

273 1675 328 1722 tem
342 1667 415 1720 novit
428 1683 434 1718 :
449 1681 589 1735 personam
600 1681 651 1719 non
662 1665 769 1732 accipit,
782 1664 920 1718 boninum
931 1665 1057 1720 imitatur.

273 1737 470 1804 Propicreuouc
484 1737 570 1800 dixit,
589 1733 622 1788 m
646 1746 768 1804 operatur
790 1734 934 1802 iustitium,
962 1750 994 1788 ne
1019 1735 1060 1789 ui·

273 1805 381 1860 deretur
391 1815 501 1860 ceteras
514 1807 625 1859 virtutes
635 1805 792 1859 exclusisse.
808 1803 857 1870 Qui
872 1803 997 1858 irascitur
1008 1819 1058 1874 pro

272 1875 537 1944 alteriusreirigcrio,
546 1875 710 1945 quiaiiomm
718 1874 832 1930 miseriis
840 1890 892 1929 nou
900 1875 1057 1942 delectatur,

272 1945 324 2000 isle
338 1945 422 1998 ‘ustus
431 1955 482 1999 est.

307 1961 423 2086 eliens.
437 2013 476 2086 5.]
488 2014 611 2068 Dicamus
621 2023 648 2068 et
659 2022 754 2068 crotera
765 2029 824 2081 narce
839 2022 996 2084 sequuntur.
1010 2013 1060 2082 Qui

273 2082 383 2152 loquitur
396 2086 525 2138 veritatem
537 2085 564 2136 in
576 2083 652 2137 corde
663 2100 719 2137 suo.
733 2083 807 2137 tiutti
828 2083 971 2151 loquuntur
987 2087 1058 2138 veri·

272 2161 354 2209 istem
367 2153 394 2208 iu
406 2154 494 2216 labiis,
509 2163 536 2208 et
558 2169 612 2208 nnn
636 2155 662 2207 iu
686 2153 776 2221 corde,
791 2155 835 2222 «ptri
855 2153 980 2208 ridentur
997 2169 1059 2208 vern

272 2223 371 2285 dicere,
387 2223 433 2278 sed
446 2238 493 2278 cor
507 2239 569 2277 etim
584 2222 660 2278 tabiis
673 2239 726 2277 non
739 2231 877 2277 consonat.
890 2222 1000 2288 Quium
1011 2224 1061 2293 cpit

272 2292 360 2346 dolum
374 2293 402 2346 in
414 2295 449 2345 lin
468 2310 500 2347 uo
513 2309 570 2347 sua.
585 2294 651 2358 Quia
662 2293 733 2363 qood
747 2301 837 2348 metite
852 2303 985 2360 impiavit,
1001 2309 1061 2348 ser·

273 2374 353 2416 mone
370 2312 489 2431 protusst.
514 2360 569 2416 Nee
584 2363 641 2429 fecit
664 2363 779 2432 proximo
807 2379 852 2416 suo
866 2364 972 2417 nenium.
998 2363 1062 2430 Qui-

272 2431 334 2485 dam
353 2442 445 2500 putant
459 2433 606 2501 proximum
625 2447 685 2486 csse
706 2433 832 2498 iratrem,
855 2442 901 2487 ant
921 2434 1059 2497 uicinum,

272 2504 483 2570 aot'coguatum,
497 2511 543 2555 aut
554 2502 790 2572 consanguineum.
802 2503 856 2556 Scd
870 2501 999 2557 Dominus
1010 2518 1060 2556 no-

274 2581 331 2625 ster
346 2571 424 2626 docet
438 2587 486 2626 nos
501 2573 528 2626 iu
542 2572 698 2641 Evangelio,
713 2574 739 2625 iu
754 2587 784 2626 ca
803 2573 927 2642 parabola
942 2574 985 2626 ubi
1000 2573 1061 2644 qui-

273 2640 335 2694 dam
355 2640 493 2695 deseendit
514 2641 547 2695 de
560 2639 709 2696 Jerusalem
734 2641 760 2695 iu
782 2641 905 2697 Jericlro:
929 2643 1061 2698 Sacerdos

273 2710 406 2776 transivit,
420 2710 528 2765 Levites
543 2712 674 2773 transicit,
691 2726 743 2764 aron
757 2720 798 2764 cst
813 2714 937 2766 ruiscrtus
950 2728 958 2777 ;
971 2714 1062 2767 Sama·

272 2781 338 2834 rites
349 2781 485 2841 transivit,
501 2788 529 2835 et
541 2782 668 2835 misertus
680 2790 731 2835 est.
755 2782 787 2835 Et
804 2783 951 2852 interrogat
969 2793 1061 2852 postea

272 2848 410 2913 Domitius,
425 2859 452 2905 ei
463 2851 538 2908 dicit.
551 2851 614 2915 Quis
633 2851 723 2904 itorrmt
738 2853 867 2919 proximus
880 2855 949 2923 fuiti
964 2855 996 2906 dt
1008 2862 1063 2910 sitt-

272 2919 321 2973 tim
335 2919 453 2974 dicitur:
472 2921 522 2987 Qut
536 2919 597 2975 bene
613 2921 682 2992 fecit.
699 2921 734 2975 Et
751 2920 830 2976 inicrt
844 2921 993 2977 Dominus:
1009 2920 1060 2987 lte,

304 3031 314 3064 ¹
325 3036 359 3081 tta
366 3039 439 3082 retus
445 3033 522 3082 codex
529 3031 696 3083 incoibemina
703 3032 858 3095 bibliotheca,
863 3035 905 3097 qui
911 3033 1061 3093 charactere,

272 3089 347 3142 lorrna
360 3100 387 3143 et
397 3095 572 3154 magnitudine,
586 3095 660 3155 uegio
671 3093 810 3144 voluminis
821 3096 949 3146 renorma
966 3095 1063 3144 budam

272 3153 414 3214 simillimus,
427 3155 565 3227 eademque
583 3162 665 3214 aetate,
688 3155 712 3204 id
726 3163 774 3214 est,
785 3165 844 3206 ante
861 3169 938 3205 annos
956 3157 988 3205 ab
1006 3157 1063 3206 iiiuc

271 3217 442 3288 septingentos
452 3215 597 3289 descriptus,
609 3215 711 3328 aeiltfflm
719 3215 784 3266 iiiam
794 3218 880 3290 Psalmi
893 3217 922 3267 tt
930 3219 1064 3280 expositio·

272 3277 629 3409 ffiffiffifflfflffi&
642 3278 1064 3402 noumaetlemtffgfflstlifflffisffi

271 3397 353 3468 sasiri
365 3411 392 3447 m
403 3396 507 3448 nmmos
575 3397 633 3447 latro
649 3400 675 3449 iu
694 3400 781 3450 iisdem
798 3400 921 3450 codicibus
936 3407 1060 3450 contenta.

271 3456 462 3523 [mentones
507 3458 512 3469 '
539 3458 637 3524 prodest
646 3459 768 3525 puerperii
778 3459 989 3526 erumperent,
1000 3461 1061 3524 eto]

255 3632 259 3660 i

256 3664 259 3691 Ι

304 3723 363 3766 cum
372 3723 471 3769 eentum
482 3723 509 3768 et
518 3717 650 3790 qtriuqoagr

621 365 651 421 S.
670 361 855 423 tuobsrtm
871 360 1024 422 setscdrt
1041 360 1238 422 sussurim
1256 367 1292 424 itt
1308 363 1469 422 esitium
1487 361 1559 421 xli,

1830 363 1900 422 titt

1108 487 1133 534 et
1144 495 1189 533 sos
1199 477 1316 538 similiter
1334 479 1411 550 [urim
1431 475 1519 561 (Luc.
1534 493 1553 532 x
1565 473 1667 544 ,bd-Sl
1679 475 1699 560 ).
1720 475 1821 532 Omnes
1835 491 1900 546 ergo

1110 549 1187 604 uobis
1200 549 1321 604 homiues
1336 550 1566 618 protimrsumus,
1581 559 1608 603 et
1621 547 1686 603 nulli
1701 547 1832 602 deberuos
1843 563 1900 600 ma-

1109 618 1164 673 lum
1180 627 1276 674 tacere.
1291 619 1337 672 Sin
1357 630 1445 674 autem
1462 619 1597 687 proximos
1614 617 1787 688 intelligimus
1802 615 1896 672 iratres

1109 699 1137 744 ct
1154 697 1301 760 cognition
1324 703 1388 756 erpo
1407 688 1469 743 licet
1489 689 1566 743 nciliis
1584 688 1679 744 alienis
1701 689 1770 742 male
1795 685 1895 742 iacere.

1109 759 1162 815 Sed
1176 765 1245 814 airsrt
1260 760 1294 813 ita
1308 759 1439 814 credere:
1462 773 1554 813 omues
1578 757 1700 812 immines
1718 758 1830 827 proximi
1853 773 1896 812 su·

1108 845 1189 896 mus;
1209 845 1289 884 unum
1307 832 1376 883 noim
1392 829 1519 883 babemus
1544 837 1657 896 patrem.
1674 825 1708 882 Et
1733 825 1897 896 opprobriam

1108 917 1160 954 non
1174 900 1268 966 occepit
1282 898 1400 953 aduersus
1417 899 1544 970 prosimos
1557 915 1628 954 snos.
1641 897 1755 953 Grandis
1769 911 1813 951 res
1825 896 1895 951 diei-

1109 979 1160 1024 tur.
1176 969 1315 1039 Nunquam
1327 1009 1334 1032 ,
1351 971 1444 1039 inquit,
1458 969 1562 1023 vicinus
1580 976 1760 1022 murmuratus
1772 977 1813 1022 est
1827 981 1896 1022 con·

1110 1050 1150 1094 tra
1164 1055 1244 1102 cirin:
1267 1054 1399 1106 rrunqtrom
1412 1039 1522 1103 invenit,
1538 1039 1632 1109 iuquit,
1646 1038 1761 1106 aliquem
1776 1038 1896 1092 occasio-

1109 1125 1171 1165 nem
1192 1109 1348 1164 detrabcndi
1375 1110 1418 1164 ei:
1440 1109 1497 1164 hnc
1515 1108 1600 1162 uirtus
1623 1108 1729 1164 excedit
1751 1108 1895 1162 lrumanam

1109 1179 1299 1246 conditionem,
1314 1180 1358 1233 ilci
1372 1179 1514 1248 gratiaost.

1145 1251 1171 1306 5.
1187 1249 1260 1320 [cern
1271 1248 1310 1322 4.]
1322 1249 1364 1303 Ad
1375 1249 1481 1302 nibilum
1493 1247 1613 1302 deductus
1620 1257 1656 1301 est
1667 1248 1693 1300 ist
1703 1256 1836 1315 conspeetu
1845 1248 1901 1312 eius

1111 1321 1250 1389 nroiipnns.
1274 1321 1329 1374 Etsi
1341 1320 1485 1390 imperator
1496 1327 1547 1383 est,
1563 1319 1612 1372 etsi
1628 1315 1769 1384 proiectus
1781 1327 1832 1380 est,
1848 1317 1898 1371 etsi

1110 1391 1251 1459 episcopus
1264 1401 1313 1452 est,
1330 1391 1380 1444 etsi
1404 1389 1563 1459 presbyter(
1580 1389 1605 1440 in
1620 1385 1740 1442 Ecclesia
1754 1388 1825 1442 enim
1839 1387 1898 1440 istm

1110 1470 1173 1513 snut
1186 1460 1326 1530 dignitates
1350 1501 1358 1520 ,
1373 1461 1531 1529 quicumque
1545 1458 1631 1511 innius
1645 1467 1686 1510 est
1711 1457 1737 1510 iu
1751 1467 1898 1524 conspectu

1111 1529 1215 1591 sancti,
1236 1543 1284 1597 pro
1309 1529 1334 1582 ni
1346 1528 1391 1581 iilo
1414 1536 1592 1596 computatur.
1608 1528 1639 1581 lit
1653 1528 1743 1580 statim
1753 1529 1874 1595 sequitur
1888 1541 1895 1577 :

1113 1599 1236 1652 Timentes
1249 1607 1332 1652 entem
1346 1594 1486 1650 boninum
1503 1597 1639 1667 piceipicei.
1656 1597 1709 1651 iste
1727 1607 1836 1650 sauctus
1849 1597 1896 1665 qui

1111 1669 1258 1739 ingreditur
1270 1669 1329 1724 sine
1350 1668 1471 1732 macula,
1486 1667 1530 1736 qui
1553 1675 1675 1748 potentes
1688 1663 1802 1735 despicit
1815 1704 1822 1728 .
1834 1668 1897 1733 piria

1111 1740 1173 1794 muli
1194 1749 1270 1803 suut,
1287 1739 1310 1792 si
1329 1753 1407 1804 quem
1424 1737 1520 1791 rident
1542 1745 1636 1790 trmcre
1650 1735 1744 1802 ileum,
1759 1735 1821 1789 iicet
1834 1749 1899 1802 pau·
1987 1775 1994 1788 .

1111 1825 1159 1880 pcr
1177 1809 1222 1875 sit,
1234 1820 1324 1862 tumen
1337 1808 1410 1861 illum
1422 1806 1560 1876 glorificat.
1572 1807 1621 1870 Qui
1626 1807 1698 1875 jorot
1711 1805 1826 1872 proximo
1835 1820 1894 1871 sno,

1111 1889 1135 1933 et
1149 1895 1200 1934 nou
1213 1879 1305 1946 decipit
1318 1879 1338 1930 ¹.
1356 1877 1389 1932 Et
1402 1877 1446 1932 iric
1458 1877 1606 1947 proximum
1625 1875 1748 1934 similiter
1766 1875 1894 1930 debemus

1111 1951 1241 2018 accipere,
1257 1957 1389 2016 utsupra.

1148 2021 1176 2075 6.
1188 2017 1263 2092 [cers.
1274 2016 1314 2090 5.]
1322 2018 1370 2083 Qut
1382 2015 1513 2087 pecuniam
1523 2032 1595 2070 suom
1604 2031 1654 2068 non
1662 2013 1730 2068 dedit
1740 2014 1774 2068 od
1784 2029 1898 2069 usuram.

1112 2089 1190 2145 linita
1206 2100 1267 2143 snm
1279 2105 1337 2158 qum
1349 2088 1480 2150 dicuutur,
1498 2087 1544 2140 scd
1560 2086 1627 2141 hora
1641 2084 1815 2140 excludimur.
1827 2085 1897 2150 Quo

1114 2160 1182 2214 niam
1194 2171 1281 2213 nutem
1301 2157 1491 2212 nudiustertius
1511 2155 1545 2210 do
1566 2155 1696 2224 principio
1714 2164 1757 2209 eat
1778 2155 1836 2210 hare
1851 2169 1897 2208 eos

1113 2230 1152 2300 (a)
1167 2229 1290 2289 diximus.
1305 2237 1332 2282 et
1345 2228 1458 2296 propitio
1474 2226 1528 2279 ileo
1540 2224 1707 2280 deraidaea
1720 2226 1817 2293 egressi
1832 2225 1896 2277 estis

1113 2315 1172 2354 cum
1189 2298 1322 2354 Abraltam
1339 2296 1460 2368 (Gemit,
1478 2294 1535 2367 51),
1547 2305 1575 2350 et
1585 2294 1743 2348 meministis
1754 2309 1813 2363 quite
1824 2294 1898 2346 dixe·

1113 2385 1214 2429 ramus,
1230 2368 1362 2437 quomodo
1378 2365 1477 2436 egressi
1492 2365 1558 2420 estis
1573 2365 1607 2419 de
1620 2362 1745 2418 Clruldaa
1757 2403 1765 2429 ,
1779 2375 1807 2418 et
1818 2363 1899 2418 retri—

1114 2439 1163 2492 stis
1173 2439 1198 2492 in
1209 2449 1306 2492 terram
1317 2437 1508 2506 promissionis.
1520 2435 1639 2503 benique
1647 2443 1674 2488 et
1685 2434 1816 2488 Abrabam
1828 2445 1901 2500 post-

1113 2523 1192 2578 quam
1207 2508 1316 2561 venitin
1331 2516 1426 2562 terram
1443 2507 1640 2572 promissionis,
1656 2503 1791 2558 hincinde
1805 2501 1901 2556 adrer-

1113 2579 1176 2633 sarri
1196 2576 1385 2652 eraut,bnstes
1400 2586 1497 2630 terram
1517 2575 1657 2638 torciano
1673 2573 1744 2628 verrit
1760 2571 1899 2636 bertuinus,

1113 2657 1141 2702 et
1155 2647 1244 2702 educit
1257 2663 1317 2702 eum
1332 2647 1413 2706 iteras.
1428 2653 1455 2699 et
1469 2645 1544 2713 ponit
1558 2647 1583 2698 in
1596 2654 1712 2698 rrumtem
1722 2683 1729 2706 ,
1739 2653 1767 2697 et
1779 2641 1899 2695 nstcrrdit

1114 2719 1138 2773 ei
1158 2719 1306 2772 universam
1321 2726 1427 2774 terram.
1442 2723 1469 2769 ct
1480 2716 1559 2769 dicit:
1574 2713 1635 2767 tine
1645 2714 1729 2767 omnio
1741 2713 1785 2765 tili
1798 2711 1864 2765 dabo
1875 2720 1900 2764 et

1113 2789 1202 2842 semini
1213 2788 1276 2858 trio(
1293 2785 1336 2841 id.
1351 2801 1408 2848 surr,
1423 2785 1457 2840 ib·
1467 2785 1488 2857 ).
1504 2785 1547 2839 lili
1560 2784 1703 2854 promisit,
1718 2782 1795 2838 nobis
1810 2780 1900 2837 reddi·

1115 2869 1250 2913 turusest.

1185 2966 1303 3038 Explicit
1315 2972 1441 3020 tractatus
1457 2963 1557 3018 Aurelii
1572 2959 1712 3032 Arrgustini
1723 2959 1844 3032 episcopi

1429 3075 1463 3132 de
1477 3074 1584 3132 Psalmo
1593 3073 1664 3128 itit.

1161 3189 1196 3246 m
1213 3205 1275 3246 ntae
1297 3191 1324 3244 in
1349 3189 1437 3244 iisdem
1451 3187 1516 3244 diss.
1538 3187 1671 3257 subjicitur
1691 3187 1771 3240 altero
1793 3186 1903 3256 ejusden:

1115 3260 1214 3318 Psalmi
1227 3263 1359 3334 repositio,
1372 3275 1429 3330 que
1444 3259 1541 3329 incipit,
1558 3258 1595 3312 [ie
1609 3256 1660 3312 boc
1672 3258 1765 3324 titulo,
1776 3267 1830 3313 etc.

1147 3401 1155 3432 ¹
1168 3399 1205 3448 sic
1215 3399 1299 3450 terius
1306 3396 1447 3462 juxtaoolb.
1456 3403 1499 3448 iis.
1511 3393 1644 3461 [domm]

1147 3459 1185 3524 (α)
1197 3465 1275 3522 torte,
1285 3459 1444 3514 ruteetreseor.

643 3719 693 3768 'ata
702 3715 787 3780 psalmi
798 3719 822 3768 in
833 3717 938 3768 decursu
949 3718 1006 3768 tomi
1017 3718 1090 3781 bujus
1099 3719 1178 3782 quarti
1189 3717 1274 3767 ordine
1282 3715 1395 3766 cardinali
1404 3713 1474 3766 amul
1486 3721 1513 3766 et
1522 3713 1623 3766 ordinali
1640 3714 1744 3764 laricem
1759 3713 1906 3776 subsequan-

272 3783 320 3836 tur,
329 3779 387 3828 binc
395 3778 527 3842 specialem
537 3791 622 3828 eorum
631 3779 735 3828 iudicem
744 3779 887 3842 subjiciendi
898 3779 963 3827 nulia
974 3793 1023 3828 uon
1035 3779 1104 3829 modo
1115 3779 1256 3837 neeessitas‚
1268 3781 1312 3828 sed
1323 3791 1356 3828 ne
1367 3778 1467 3828 menites
1475 3777 1574 3840 quidem
1585 3778 1655 3826 nobis
1664 3775 1908 3838 suppeut2quouiarr

271 3837 333 3892 nillil
341 3839 405 3892 aliud
418 3839 458 3889 bic
467 3841 541 3888 iader
551 3839 741 3898 demonstraret,
752 3853 825 3903 quam
835 3841 900 3903 quod
928 3839 1015 3890 uiiiiret
1025 3848 1120 3902 aperto,
1132 3847 1160 3889 ut
1169 3841 1251 3898 aiunt,
1262 3841 1355 3900 codiee,
1367 3839 1478 3888 invenire
1490 3837 1602 3888 facillime
1614 3843 1703 3900 potest
1713 3841 1829 3895 immotum
1838 3835 1869 3883 ad
1879 3843 1908 3888 m

274 3912 331 3964 quse
341 3900 473 3959 docuinam
485 3897 604 3950 moralem
616 3909 643 3950 et
652 3901 825 3960 deauratiotem,
845 3854 1045 3964 disciplinamque
1057 3909 1082 3950 et
1093 3901 1216 3952 historiam
1233 3901 1442 3964 complectuntur,
1453 3911 1500 3949 seu
1509 3911 1610 3949 sensum
1623 3896 1761 3956 itteralnm,
1773 3896 1899 3960 mysticam

273 3959 426 4024 mteroeqm
438 3961 558 4011 exhibent
567 3968 594 4011 et
606 3960 745 4022 enucleant,
761 3961 815 4013 baec
825 3965 905 4013 omnia
914 3963 945 4012 ad
955 3961 1047 4013 calcem
1058 3961 1135 4012 ultimi
1147 3963 1204 4013 tomi
1215 3963 1483 4026 oppidoindicabuutur,
1494 3959 1606 4020 subjecto
1616 3957 1728 4023 generals
1737 3955 1902 4020 mttseatptra

274 4020 526 4086 miserrumam,
542 4035 592 4086 quo
601 4029 623 4073 s.
637 4024 743 4073 tinctoris
753 4035 828 4087 opera
840 4023 894 4075 irasc
903 4023 1080 4075 absolutissima
1090 4026 1278 4076 cmouabuutur.
1328 4030 1357 4074 tt.

673 4739 860 4802 EXPLICIT
882 4740 982 4802 Toitt
1002 4741 1154 4816 Qtitltit
1173 4739 1272 4802 PARS
1292 4739 1522 4802 POSTERIOR.
