4084 6367
21 5859 22 5910 ³
106 5907 117 5951 ι

142 290 212 350 tra:
671 284 868 344 nuunmvto
886 284 920 345 m
939 284 1102 345 estnnuu
1121 264 1265 345 cxxxiv.
1715 292 1783 346 erse

142 418 196 463 non
208 411 375 475 angustatur,
390 414 444 458 nou
458 400 604 473 premitur:
618 398 732 472 quodam
747 400 827 457 modo
838 398 934 455 dilata·
988 400 1150 470 putreiactus
1164 396 1326 471 liquescebat
1337 398 1364 455 iri
1379 412 1418 455 se.
1434 397 1509 455 'luem
1522 398 1577 455 Eua
1590 414 1653 456 ansa
1668 410 1708 457 est
1720 418 1781 459 eum

142 507 195 554 tur.
211 497 241 553 ln
260 494 400 552 latitudine
421 509 516 559 mnne,
531 502 559 550 et
572 500 648 565 potes
668 492 778 564 diligere
798 490 934 546 inimicum
963 556 970 563 ‚
987 501 1091 549 tentare
1106 509 1112 547 :
1129 492 1178 547 Die
1192 490 1289 564 reliquid
1301 492 1327 546 in
1341 490 1423 547 lieurn
1441 502 1524 559 tuum,
1545 504 1569 549 et
1583 508 1687 549 numne.
1714 494 1784 550 dudi

143 598 233 655 tuum;
248 589 378 661 quianon
400 602 431 642 ea
446 585 551 657 diligis,
567 584 612 641 ubi
624 582 659 641 ab
678 582 787 639 inimico
800 580 935 652 angustias
987 582 1188 642 benedicentem
1211 584 1237 640 in
1262 582 1384 640 noctibus
1399 602 1406 639 :
1420 582 1518 639 Mente
1536 601 1572 652 es,
1595 586 1690 657 inpulit,
1711 586 1785 655 qunrt

143 670 263 753 patiaris.
283 678 424 749 Quomodo
442 677 597 750 tnnltperts
616 687 689 734 stare
701 676 728 732 iu
743 674 837 731 atriis?
847 670 895 731 Sta
908 674 935 728 iu
987 693 1040 733 unu
1052 692 1083 733 ec
1100 678 1277 747 insipientibus
1290 678 1446 734 mulieribus.
1462 677 1493 735 st
1506 677 1573 734 bonu
1584 679 1739 750 meeepimtre
1753 678 1786 735 de

142 772 282 839 enaritate,
296 781 324 829 et
334 781 391 828 stas
402 772 430 827 in
440 772 525 828 atriis.
540 770 569 827 ln
581 770 710 828 charitate
721 768 833 826 latitudo
845 776 897 835 est,
907 768 936 825 in
988 768 1187 837 nvunulicrnini,
1196 769 1322 825 nrutenon
1332 768 1492 825 tolerabimus
1503 769 1563 842 (tob
1572 786 1601 838 n,
1611 768 1785 843 'l-ldlillcce

142 864 204 921 odio
225 863 357 934 angustia.
380 862 451 919 Audi
469 863 646 934 Apostolum:
668 859 716 916 lre
733 864 759 915 et
777 860 935 934 indipnutio,
987 858 1117 931 quidest,
1132 858 1294 917 ltinoetr'bus
1310 860 1421 917 eetollite
1432 878 1523 919 monus
1537 870 1631 918 vertrae
1644 862 1671 917 in
1683 872 1782 933 ennete,

142 956 270 1013 tribulatio
285 966 310 1013 et
323 956 442 1031 mpurtia
459 956 487 1011 in
501 971 601 1011 omnent
618 953 731 1009 unintunt
749 950 858 1008 bominis
876 966 937 1022 ope·
988 961 1012 1008 et
1027 950 1163 1010 benedicite
1173 952 1322 1011 Dominum.
1336 955 1405 1025 Quid
1417 956 1484 1013 dixit
1497 956 1570 1013 tunt
1584 954 1681 1013 Loentu
1691 974 1717 1014 ee
1727 966 1786 1013 tun·

141 1049 222 1106 runtie
243 1048 340 1105 ntalem
360 1048 448 1121 (Rom.
468 1064 505 1115 u,
520 1046 548 1112 8,
563 1044 602 1120 9).
628 1045 667 1102 [ιι
687 1038 827 1101 latitudine
847 1050 936 1099 autem
988 1062 1065 1117 quom
1086 1060 1139 1101 une
1159 1062 1191 1101 ea:
1210 1046 1385 1119 insipientibus
1408 1048 1565 1105 ιιιιιιίιιὶιιιι.
1589 1048 1674 1105 idam
1699 1048 1785 1122 putris

142 1141 281 1200 charitatis
295 1141 358 1215 qnid
371 1141 456 1199 diuiti
471 1140 597 1209 Quoniam
607 1140 720 1196 eburitus
729 1137 778 1194 Dei
794 1136 888 1207 differe
898 1146 938 1195 est
988 1138 1088 1211 repulit
1099 1138 1192 1208 uvam,
1204 1148 1328 1211 unquam
1341 1142 1434 1199 dicens
1446 1160 1452 1197 :
1464 1141 1584 1198 Suiliciat
1595 1142 1664 1214 quod
1675 1151 1785 1215 proptor

143 1234 171 1289 in
182 1231 301 1288 cordibus
313 1233 407 1289 nostris
417 1249 462 1303 per
474 1231 599 1304 Spiritum
609 1239 742 1300 metum,
757 1230 802 1303 ptri
815 1229 890 1284 detur
900 1236 937 1284 eet
990 1239 1016 1287 ιι
1036 1230 1156 1288 mortalis
1177 1228 1288 1288 effectus
1308 1248 1378 1289 snm.
1395 1233 1523 1290 llalueras
1537 1234 1563 1289 ln
1587 1232 1720 1305 paradiso,
1736 1234 1785 1291 scd

143 1324 215 1379 nobis
228 1322 282 1393 (ld.
296 1338 322 1389 v,
336 1323 377 1395 5).
398 1320 451 1380 Ubi
469 1322 545 1378 audis
563 1320 749 1386 diffusionem,
765 1318 881 1391 intellige
900 1318 938 1374 la·
989 1321 1105 1393 vinceris
1119 1322 1146 1378 in
1159 1306 1390 1395 stercoressagna
1400 1326 1485 1397 gratia
1498 1324 1561 1382 Deli
1572 1323 1624 1381 Sed
1638 1324 1708 1380 unde
1721 1324 1785 1393 boc,

143 1415 300 1482 titudinem:
313 1414 360 1471 ubi
374 1414 452 1471 audis
465 1413 651 1482 latitudinem,
673 1412 794 1485 intellige
805 1412 872 1467 atria
884 1411 939 1467 lio-
989 1413 1042 1470 nisi
1058 1414 1120 1486 quia
1135 1428 1181 1472 ros
1196 1414 1314 1473 llermon
1335 1417 1501 1487 compluerat
1521 1416 1593 1473 illam
1615 1418 1744 1486 animam,
1760 1425 1789 1474 et

142 1505 697 1575 toini;etbabcbisverambenedictionem
707 1502 938 1574 bomini,quaudo
989 1504 1102 1562 dederat
1114 1505 1244 1563 Dominus
1267 1508 1437 1575 suavitatem,
1461 1516 1489 1563 ut
1504 1516 1576 1564 terra
1598 1516 1691 1565 nostra
1711 1508 1788 1565 daret

142 1614 197 1655 non
209 1598 350 1657 maledicis
370 1598 496 1654 inimicis.
512 1597 665 1669 Alloquitur
677 1598 749 1654 enim
763 1584 879 1667 Spiritus
891 1610 938 1653 eos
989 1597 1106 1656 iructum
1116 1615 1193 1656 suum
1205 1590 1289 1671 (Prot.
1304 1616 1414 1666 uvrxrv,
1430 1598 1498 1674 15))
1510 1599 1544 1655 ln
1555 1604 1669 1658 noctibus
1677 1600 1789 1659 extollite

141 1692 189 1765 qni
203 1693 341 1765 patiuntur
353 1691 567 1761 tribulationem,
580 1700 610 1747 ut
622 1690 771 1763 glorientur
784 1690 811 1745 in
826 1689 938 1745 tribula·
990 1709 1081 1749 munus
1090 1706 1184 1750 oestrus
1197 1694 1224 1749 in
1236 1703 1335 1763 sanctu,
1346 1703 1369 1750 et
1381 1694 1518 1749 benedicite
1531 1692 1679 1751 dominum.

135 1784 276 1854 ntionibus;
293 1794 322 1843 et
333 1785 398 1859 dicit
411 1786 465 1850 eis,
480 1782 548 1841 Eece
559 1801 627 1840 nune
640 1782 778 1839 benedicite
789 1780 936 1851 Dontinsm,
1026 1784 1054 1839 5.
1068 1782 1143 1857 [cers.
1156 1782 1196 1857 5.]
1209 1781 1346 1840 Benedicat
1362 1794 1386 1841 te
1399 1784 1526 1842 Dominus
1538 1800 1570 1841 ee
1585 1785 1658 1853 Sion,
1672 1788 1716 1859 qui
1730 1788 1789 1863 {ecit

139 1893 230 1934 omnes
238 1880 303 1935 serni
316 1875 430 1933 Domini.
444 1874 514 1943 Quid
521 1855 577 1944 est,
590 1873 659 1930 ltere
669 1874 754 1931 nauci
764 1872 794 1929 ln
804 1874 856 1929 lvoc
869 1884 938 1929 tem·
991 1874 1081 1930 coelum
1101 1884 1125 1931 et
1140 1886 1240 1931 terrun.
1267 1876 1360 1933 Plures
1383 1876 1504 1933 bortatur
1527 1887 1556 1933 ut
1570 1878 1738 1943 benedicant,
1763 1886 1790 1936 el

136 1985 220 2044 pore.
235 1971 301 2027 llam
314 1981 375 2043 post
389 1979 537 2027 transactas
551 1969 752 2038 tribulationes,
769 1967 937 2023 manifestum
991 1968 1049 2039 ipse
1074 1984 1154 2025 uuum
1169 1968 1316 2035 benedicit,
1333 1969 1393 2040 quia
1408 1983 1440 2026 ex
1464 1968 1585 2041 pluribus
1608 1987 1689 2028 unum
1705 1971 1788 2039 iecit;

137 2071 186 2117 est
205 2064 266 2133 quia
288 2061 468 2120 benedictioni
488 2061 594 2117 Domini
607 2060 779 2125 vacabimus,
795 2068 824 2115 ut
837 2060 938 2116 dictum
991 2060 1053 2130 quia
1066 2060 1158 2115 bonum
1173 2069 1196 2115 et
1212 2061 1357 2131 iucundum
1371 2070 1414 2118 est
1427 2060 1541 2118 babitare
1558 2064 1651 2133 iratres
1669 2066 1696 2119 in
1711 2082 1789 2121 unnrn

138 2160 204 2209 est:
218 2150 292 2209 Bruti
307 2154 350 2225 qui
363 2152 478 2210 babitaret
497 2136 615 2209 induero
636 2159 697 2218 tue:
710 2152 737 2207 in
750 2150 938 2207 mutareru-
991 2149 1077 2223 (Psoi.
1105 2166 1206 2219 cxxxiv,
1232 2152 1270 2223 1).
1298 2150 1412 2208 Pluralis
1435 2142 1581 2221 nurnerus,
1608 2158 1719 2227 fratres:
1742 2156 1789 2213 sed

138 2241 261 2298 culorum
273 2242 413 2298 tmdubunt
428 2252 452 2300 te
465 2242 553 2315 (Psoi.
574 2257 685 2309 uxxrtr,
696 2238 736 2314 5).
748 2241 798 2310 Qui
813 2248 878 2297 tunc
891 2240 939 2297 bc·
991 2244 1144 2314 singularis,
1159 2244 1273 2301 babitare
1284 2244 1310 2299 in
1323 2260 1401 2299 ununt
1413 2260 1423 2299 :
1433 2244 1503 2310 ideo,
1518 2244 1654 2300 benedicat
1667 2254 1691 2301 te
1700 2244 1788 2301 Domi·

137 2333 276 2395 nedicvuri
289 2343 352 2391 sunt
371 2336 429 2391 sine
442 2334 564 2402 deiectu,
580 2334 625 2390 bic
636 2333 767 2404 incipiunt
779 2332 939 2390 benedicere
991 2349 1040 2389 nus
1051 2350 1083 2391 ee
1094 2334 1167 2401 Sion,
1181 2336 1224 2403 qni
1238 2336 1297 2408 [ecit
1309 2336 1399 2391 colunt
1415 2346 1439 2391 et
1452 2346 1558 2392 terrum.
1573 2336 1657 2393 b'enm
1670 2347 1789 2394 vestrum

138 2425 303 2493 bominum3
319 2424 402 2508 bic-in
417 2424 643 2493 tribulationibus,
658 2422 897 2489 intentationibus,
911 2424 939 2479 in
991 2426 1064 2482 dicat
1078 2444 1085 2481 :
1099 2427 1141 2483 bd
1154 2442 1197 2484 me
1212 2444 1265 2484 non
1280 2428 1410 2498 pervenit.
1425 2426 1507 2485 Putas
1521 2429 1581 2501 quis
1596 2439 1638 2485 est
1652 2446 1731 2503 quem
1747 2430 1789 2487 di-

138 2517 290 2583 molestiis,
313 2516 385 2574 inter
406 2516 582 2575 adversitates
604 2517 711 2584 saeculi,
734 2516 806 2574 iuter
822 2516 939 2574 'insidias
992 2518 1044 2586 xit,
1057 2516 1192 2574 lienedirut
1210 2528 1234 2575 te
1252 2518 1376 2575 dioninse
1388 2534 1421 2575 en
1433 2518 1519 2576 Sion?
1532 2518 1620 2577 Utrum
1635 2520 1789 2577 benedixit:

136 2614 259 2684 inimici,
275 2616 345 2671 inter
359 2613 469 2672 irandes
489 2623 518 2672 ιι
539 2614 654 2687 impetus
675 2613 785 2670 diamtt.
804 2612 862 2670 lloc
876 2622 938 2681 est,
992 2619 1157 2678 catomum,
1171 2618 1199 2667 et
1218 2612 1340 2683 pervenit
1360 2609 1393 2666 ad
1408 2610 1608 2667 tebenedlctio.

137 2707 211 2764 Ecce
226 2725 293 2763 nene
311 2708 449 2764 benedicite
461 2707 616 2777 Dominum,
631 2724 717 2764 onmes
734 2706 799 2764 verai
814 2705 937 2776 Domini,

136 2804 183 2875 esti
206 2802 280 2859 statie
298 2803 325 2858 in
346 2802 421 2859 mmo
439 2800 553 2856 donnini.
570 2800 639 2870 Quid
652 2809 704 2868 est,
724 2800 768 2870 orti
785 2800 876 2855 stutiei
888 2798 939 2868 Qui
1173 2819 1215 2883 ΙΝ
1236 2816 1427 2883 PSALMUM
1447 2816 1613 2885 CXXXIV

135 2899 331 2967 perseveratis.
354 2894 422 2964 Quia
442 2893 542 2950 dictum
564 2901 606 2950 est
626 2891 662 2949 de
682 2892 809 2964 quodam,
834 2890 879 2963 qui
896 2904 939 2946 ar·
1295 2938 1505 2997 mmm

135 2988 288 3061 changelus
301 2988 361 3058 init,
373 2987 407 3043 Et
416 2987 444 3042 in
455 2988 558 3043 emitote
569 3002 622 3042 nort
630 2985 698 3041 stetit
709 2981 798 3058 (toute.
809 2998 866 3050 vm,
877 2982 938 3054 til:
1009 3052 1013 3059 ¹

135 3090 165 3138 et
180 3081 342 3138 dictumest
360 3080 395 3137 de
408 3080 496 3136 amico
510 3079 617 3151 sponsi,
633 3076 735 3131 linricus
755 3084 839 3131 auten
852 3075 940 3145 sponsi
973 3152 975 3156 ι
1272 3065 1360 3109 58Μο
1373 3068 1408 3109 Ᾰῦ
1419 3068 1532 3111 ΜΒΝ·

135 3182 205 3242 stat,
232 3182 256 3229 et
274 3174 348 3229 audit
366 3190 441 3242 enen,
463 3180 487 3228 et
500 3170 594 3245 prndio
615 3169 707 3243 pendet
731 3178 836 3242 propter
853 3182 939 3223 exem
1029 3167 1055 3223 l.
1070 3160 1145 3241 [uere
1159 3164 1199 3241 l.]
1214 3166 1297 3224 Valde
1310 3167 1387 3224 dulce
1399 3168 1476 3224 nobis
1491 3182 1551 3224 esse
1564 3168 1655 3238 debet,
1671 3180 1699 3227 et
1713 3170 1790 3232 dulce

134 3264 230 3337 spotrsi
243 3262 299 3340 (ld.
315 3281 353 3331 ιιι,
367 3264 426 3337 aa).
993 3260 1070 3314 trobis
1083 3273 1143 3315 esse
1155 3258 1323 3331 gaudendum
1337 3270 1388 3326 est,
1404 3277 1456 3331 nuo
1469 3276 1518 3317 nos
1533 3263 1651 3333 psalmus
1673 3266 1723 3322 iste
1742 3282 1790 3323 co-

172 3357 203 3413 2.
218 3356 294 3432 [uere.
306 3356 346 3431 2]
357 3358 435 3430 llrsso,
450 3356 501 3425 Qui
509 3356 581 3411 :tntis
590 3355 617 3410 in
623 3354 698 3410 durno
707 3353 823 3421 Domini,
834 3353 861 3407 in
867 3352 941 3409 atriis
993 3351 1125 3409 bortatur.
1140 3352 1208 3409 llicit
1218 3354 1289 3409 enim
1301 3372 1307 3409 :
1318 3352 1433 3410 Laudate
1442 3371 1532 3410 notttett
1545 3354 1656 3412 Domini.
1667 3356 1791 3415 Causam·

135 3446 234 3503 douvres
246 3446 294 3502 liei
307 3450 395 3515 nostri,
409 3448 436 3503 in
449 3447 563 3503 noctibus
577 3446 690 3503 extollite
702 3463 792 3503 ιιιιιιιιι
806 3454 901 3507 nettrus
914 3445 942 3501 ιἰι
992 3461 1045 3517 qne
1059 3446 1142 3519 ipsum
1155 3460 1238 3518 qutare
1250 3436 1352 3517 iustum
1366 3446 1401 3503 sit
1414 3455 1444 3503 ut
1465 3446 1603 3505 laudemus
1625 3466 1724 3507 nomen
1740 3452 1791 3507 lio·

135 3549 242 3606 torreto,
253 3549 277 3594 et
288 3536 425 3595 benedicite
436 3539 584 3595 Dominum.
596 3538 686 3596 Facile
698 3536 940 3596 estbenedicerein
993 3537 1069 3608 mirri,
1094 3540 1221 3595 continuo
1246 3538 1359 3611 subjecit
1373 3558 1379 3593 :
1393 3539 1518 3609 tantan,
1537 3543 1617 3615 serui,
1642 3541 1790 3603 Dorrrinnrn.

134 3630 248 3688 diebus.
263 3632 331 3700 Quid
343 3642 394 3699 est,
407 3631 435 3687 in
449 3630 566 3689 diobusl
580 3629 608 3685 ln
628 3631 709 3687 rebus
722 3632 867 3701 prosperis.
882 3628 942 3685 Nox
993 3628 1062 3699 Quid
1082 3630 1201 3702 justinsi
1214 3632 1276 3704 quiid
1291 3632 1419 3704 dignius?
1433 3633 1496 3705 quiid
1509 3634 1632 3706 gratius?
1647 3636 1753 3693 Etenim
1767 3640 1792 3696 si

134 3726 215 3780 enim
238 3724 322 3780 tristis
343 3731 460 3791 resset:
476 3724 534 3780 dies
555 3740 600 3780 res
619 3729 662 3779 est
676 3722 746 3778 laeta.
768 3721 880 3789 Quando
895 3721 942 3776 tibi
993 3738 1047 3778 nou
1070 3723 1235 3780 laudaverint
1258 3726 1327 3781 servi
1348 3726 1508 3791 Dominum:
1529 3729 1648 3798 superbi,
1673 3729 1789 3801 inermi,

134 3818 212 3875 bene
228 3823 279 3885 est,
295 3815 431 3873 benedicis
443 3815 595 3871 Dominum.
611 3813 723 3882 Quando
737 3812 820 3869 nltnn
835 3811 942 3868 deside·
994 3815 1134 3887 irreligiosi
1147 3824 1235 3871 erunt.
1249 3816 1355 3887 litnuid
1370 3816 1468 3872 iaciunt
1484 3834 1536 3873 non
1552 3818 1684 3875 laudando
1700 3822 1791 3877 brunvi-

134 3925 183 3966 ras
209 3919 239 3965 et
263 3910 396 3977 nascitur,
420 3908 556 3965 benedicis
577 3908 729 3963 [torninum.
753 3904 875 3962 Liberata
899 3911 942 3961 est
993 3908 1787 3983 num,nisiutseverumsentiantDorrtinumlNequeenim

63 4023 67 4029 ·
135 3995 212 4061 anor
237 4010 282 4058 tna
305 4018 320 4056 a
345 4001 463 4073 periculo
487 4008 598 4071 partus:
624 3998 761 4056 benedicis
789 3997 940 4053 bominum.
994 4014 1089 4057 servus
1102 4000 1232 4071 ingratus,
1254 4002 1277 4057 si
1291 4000 1432 4057 Dominum
1446 4018 1523 4058 strum
1539 4002 1648 4059 laudare
1663 4006 1788 4073 noluerit,

134 4092 305 4167 AEgrotabat
331 4093 420 4161 iilius,
444 4092 591 4159 liberatur:
623 4090 759 4147 bertedicis
789 4089 940 4147 Dominum.
994 4092 1056 4150 ideo
1078 4092 1160 4149 sidcit
1180 4103 1316 4151 utservns
1335 4108 1388 4149 non
1408 4092 1452 4149 sit.
1469 4092 1584 4162 Laudes,
1608 4110 1660 4151 non
1676 4095 1789 4167 landes,

133 4186 303 4260 AEgruntm
316 4186 407 4253 lilius:
427 4183 496 4241 iorte
508 4184 626 4255 quaesisti
642 4181 869 4247 mathematicum,
885 4196 943 4237 sor·
994 4201 1088 4243 servus
1098 4202 1128 4244 es
1144 4205 1151 4243 :
1166 4185 1212 4243 sed
1226 4186 1248 4243 si
1262 4186 1370 4252 laudes,
1386 4186 1558 4267 propitiabis:
1574 4188 1596 4247 si
1610 4205 1663 4244 non
1686 4189 1787 4258 laudus,

135 4280 347 4355 tilegum:iorte
358 4294 410 4333 rron
420 4277 455 4334 de
465 4277 566 4350 lingua,
577 4276 624 4334 sed
637 4276 672 4333 de
682 4276 802 4332 moribus
812 4274 864 4331 tuis
877 4274 943 4331 exiit
994 4278 1124 4337 offendes.
1139 4280 1212 4337 Bona
1226 4296 1289 4353 ergo
1309 4281 1460 4337 exhortatio
1476 4283 1605 4345 mutilis:
1621 4283 1691 4341 uuerde
1705 4286 1790 4355 stragis

134 4372 300 4433 maledictio
313 4374 339 4427 in
351 4370 491 4427 [lominum
503 4386 511 4437 ;
525 4369 590 4426 exiit
603 4368 636 4425 de
650 4368 771 4425 moribus
785 4376 813 4424 et
822 4368 875 4423 rita
885 4376 940 4423 tua.
994 4382 1115 4445 :ungere
1125 4374 1254 4431 debemus
1266 4372 1491 4445 quemadmodum
1503 4374 1650 4448 laudandus
1663 4376 1698 4433 sit
1709 4378 1789 4447 licus,

133 4464 200 4526 Noli
216 4465 326 4537 gloriari
339 4465 400 4537 quia
412 4464 502 4535 lingua
523 4462 670 4528 benedicis,
684 4462 707 4519 si
720 4463 772 4518 vita
792 4461 940 4519 maledicis.
993 4479 1073 4535 quam
1088 4462 1210 4521 dubitare
1223 4462 1395 4521 laudandum.
1411 4462 1527 4520 Londme
1541 4482 1606 4539 ergo
1626 4484 1717 4523 nonren
1735 4467 1789 4525 Do·

134 4559 297 4629 Quomodo,
312 4558 409 4631 inquis,
423 4559 477 4613 vita
492 4556 641 4615 maledico?
653 4556 720 4624 Quia
731 4555 877 4612 attenditur
887 4554 940 4611 vita
994 4556 1067 4616 mini.
1089 4554 1215 4612 Hortatur
1228 4570 1277 4613 nos
1290 4555 1420 4624 Psalmus,
1436 4554 1556 4613 bortatur
1569 4573 1618 4614 nos
1636 4558 1768 4629 Propheta
1782 4604 1789 4629 ,

134 4661 196 4715 tua,
215 4661 246 4707 et
265 4650 382 4707 dicitur:
398 4651 466 4706 Ecce
486 4649 658 4718 christianus,
679 4664 744 4705 ecce
763 4649 858 4721 quales
879 4659 942 4706 sum
994 4646 1115 4705 bortatur
1127 4662 1176 4703 nos
1189 4648 1304 4718 Spiritus
1317 4649 1373 4714 Dei,
1390 4648 1511 4705 bortatur
1525 4659 1659 4718 postremo
1673 4666 1721 4706 nos
1734 4650 1790 4721 ipsc

133 4743 299 4801 Christiani.
317 4743 518 4815 blasphematur
538 4750 647 4814 propter
669 4748 695 4796 ιι
716 4739 848 4797 Christus.
872 4740 942 4798 Ecce
995 4738 1134 4807 Dominus,
1147 4747 1177 4795 ut
1191 4738 1330 4797 laudemus
1347 4738 1497 4809 Dominum.
1510 4740 1569 4796 Non
1582 4740 1652 4797 euim
1667 4741 1789 4798 laudibus

131 4852 203 4894 cunr
221 4838 277 4891 vita
290 4844 334 4893 tua
349 4835 500 4903 maledicat,
512 4834 575 4906 quid
588 4830 697 4903 prodest
708 4832 778 4904 quod
793 4830 883 4904 lingua
897 4841 942 4889 tua
995 4832 1094 4888 nostris
1110 4830 1155 4887 ille
1168 4832 1275 4897 crescit,
1297 4830 1344 4887 sed
1360 4840 1418 4887 nos'.
1444 4831 1516 4887 Deus
1530 4847 1580 4887 nec
1594 4831 1688 4887 melior
1708 4832 1745 4896 llt,
1767 4834 1789 4888 si

133 4927 303 4991 benedicit?
326 4926 478 4983 benedicite
501 4940 565 4997 ergo
586 4925 739 4980 numinum.
762 4922 895 4992 Quandoi
908 4922 941 4979 in
994 4922 1163 4987 laudarerts;
1186 4936 1235 4977 nec
1255 4921 1392 4989 deterior,
1415 4921 1437 4977 si
1461 4922 1650 4989 vituperaveris
1666 4937 1672 4975 :
1687 4920 1734 4977 sed
1760 4930 1788 4978 tn

132 5020 271 5076 noctibus.
291 5017 403 5088 Quando
418 5016 553 5074 benedixit
572 5014 642 5073 tobt
654 5014 764 5084 Quando
786 5014 869 5070 tristis
888 5029 941 5070 nox
995 5015 1125 5072 laudando
1139 5015 1249 5079 bonum,
1267 5015 1361 5071 melior
1373 5014 1445 5080 eris:
1460 5012 1643 5083 vituperando,
1654 5012 1784 5071 deterior:

131 5121 211 5169 erat.
239 5110 333 5168 toleta
354 5119 417 5166 sunt
429 5109 518 5166 omnia
539 5123 599 5179 (pne
621 5106 844 5179 possidebantur:
860 5105 942 5161 ablati
993 5109 1081 5166 bortum
1093 5116 1182 5165 autem
1198 5107 1242 5163 ille
1256 5115 1356 5173 manet,
1370 5114 1401 5161 ut
1420 5112 1469 5161 est.
1486 5103 1512 5160 Si
1527 5106 1597 5169 enim
1618 5119 1710 5161 servos
1724 5120 1788 5162 suns

131 5206 184 5262 lllii
198 5204 593 5278 quibnsservabanturzquam
604 5201 687 5257 tristis
700 5200 769 5255 noxi
786 5198 941 5256 Seduidea·
993 5201 1067 5273 ipsos
1090 5198 1159 5255 bcne
1180 5198 1214 5255 de
1238 5214 1267 5254 sc
1289 5198 1409 5263 meritos,
1425 5194 1613 5267 predicatores
1628 5196 1702 5251 uerbi
1725 5198 1785 5266 sui,

130 5314 202 5354 mus
225 5297 251 5353 si
265 5313 319 5352 nrm
332 5297 358 5351 in
382 5304 461 5352 nocto
473 5291 606 5368 benedicit
620 5310 628 5348 :
641 5290 767 5347 Dorrdnus
785 5291 863 5359 dedit,
884 5289 939 5345 Do·
993 5300 1112 5349 mutones
1126 5292 1251 5349 Ecclesise
1265 5306 1331 5357 succ,
1352 5296 1521 5345 veneratores
1536 5288 1651 5343 nominis
1671 5290 1722 5355 sui,
1738 5290 1784 5345 ob·

128 5393 231 5447 nunes
244 5387 365 5456 ttbstnb't,⁸
376 5388 439 5443 sicut
456 5384 564 5441 Durnino
576 5383 670 5456 plerum
687 5385 724 5437 itu
737 5386 833 5456 sueton:
844 5383 942 5438 est:sit
994 5394 1186 5456 temperatores
1205 5380 1322 5437 vitandati
1336 5380 1375 5436 sni
1391 5380 1416 5435 id
1432 5379 1519 5446 docet,
1536 5388 1564 5434 ut
1584 5378 1611 5433 in
1625 5383 1788 5437 conscientia

129 5500 239 5541 nemen
255 5481 357 5537 Donabo
373 5479 530 5536 benedictum
549 5474 610 5550 (tob
622 5491 642 5541 t,
655 5474 763 5547 liet).
784 5474 869 5544 Quam
888 5490 941 5531 nov
992 5491 1041 5533 sna
1056 5476 1170 5533 babeant
1180 5472 1347 5529 dulcedinem
1360 5472 1437 5526 ltonre
1458 5471 1518 5527 vitae
1531 5486 1596 5532 suas,
1612 5484 1645 5525 ne
1664 5486 1787 5528 cornum-

126 5590 197 5637 ειη
213 5576 409 5636 ¹tPercuesns
427 5572 519 5631 ulcere
539 5586 555 5627 a
574 5569 661 5641 capto
679 5567 817 5640 usquead
838 5568 939 5641 pedes,
992 5576 1090 5641 pantnr
1101 5565 1234 5631 laudibus,
1250 5578 1284 5619 ue
1297 5561 1473 5634 lranpantur¹
1487 5562 1725 5667 vituperationibus
1741 5564 1789 5619 bo·

1025 5724 1131 5777 1ιιιιιιιι
1141 5728 1194 5775 ttss.
1214 5734 1258 5774 nec
1277 5724 1463 5785 corrumperetur
1481 5716 1605 5777 ιιιιιῖιιιι,
1625 5730 1669 5771 nee
1687 5720 1786 5785 [ruputa-

162 5796 541 5857 ¹slceesoddrerontron
822 5797 825 5803 ·
991 5796 1041 5851 tur,
1060 5796 1107 5839 cte.
1405 5847 1412 5862 .
1592 5844 1598 5858 ,

268 5863 380 5925 Seuer.
398 5852 595 5924 annuenti
1360 5842 1671 5930 (denotante-crue.)
