4084 6367
143 318 210 381 lili
683 310 881 375 lilldlllll'lli)
895 309 928 370 lli
947 306 1109 373 Psallttut
1126 313 1271 373 mlix.
1714 320 1786 383 tlte

145 433 326 506 corruptibilia
344 448 424 507 opera
449 432 604 491 terebamus
618 450 626 491 ε
639 447 699 505 quae
713 447 773 499 uos,
788 430 936 490 secundum
991 426 1110 498 intrant,
1125 437 1155 486 ut
1167 428 1273 489 discam
1284 446 1340 504 prae
1352 431 1448 491 timore
1469 430 1517 489 lici
1535 430 1705 491 dinumerare
1716 436 1783 493 iram

143 530 236 585 isaiam
251 526 422 601 proplietam,
435 526 544 583 minime
553 525 728 599 contegebant
741 523 816 597 (leni.
831 540 884 593 ιιι,
895 522 935 597 ι).
990 519 1096 590 elamet
1105 526 1309 596 prosperitatem
1321 526 1460 585 bominum
1473 525 1605 585 malorum
1617 543 1785 602 numeroap·

142 622 203 678 Dies
216 636 344 677 annorum
359 629 503 677 ttoatrorum
516 620 544 675 in
567 620 629 693 ipsis
641 620 801 693 septuaginta
815 620 876 675 anni
891 635 900 674 .·
914 619 938 675 ai
990 613 1090 685 plicare
1102 632 1251 687 prenarum.

142 724 225 769 autent
236 714 262 768 in
271 713 445 785 potentatibus
454 714 580 785 octoginta
592 712 663 767 oniti.
677 711 756 768 Aliud
769 720 811 768 est
820 712 847 766 in
863 710 935 782 ipria,
1026 707 1070 763 ta.
1087 708 1224 767 lienteum
1236 721 1306 767 tuom
1317 712 1356 769 tic
1368 721 1456 771 nomm
1469 712 1521 785 itte.
1536 712 1593 771 lioc
1610 715 1683 771 euim
1697 715 1783 786 magis

111 866 114 873 ,
140 806 210 863 aliud
223 806 250 861 in
264 804 444 877 potentatibus.
463 802 498 859 ln
513 804 593 876 ipris,
606 804 658 861 bec
681 811 724 861 est
744 802 771 859 in
791 803 868 859 annis
894 800 937 859 rel
989 798 1089 857 babent
1102 801 1209 859 codices
1219 805 1317 875 greci:
1331 821 1384 863 non
1397 807 1466 863 sicut
1476 804 1585 877 quidam
1596 804 1687 874 latini,
1709 805 1781 863 liee-

140 898 236 955 diebus
251 897 318 969 ipsis
342 896 412 970 quod
436 895 514 953 datur
526 896 638 967 intelligi
652 895 679 950 in
693 894 883 967 temporalibus
893 908 937 950 re·
989 900 1069 947 terant
1082 887 1151 949 terim
1162 904 1248 949 notant
1268 898 1308 969 {oc
1319 897 1393 953 milri.
1405 897 1474 967 pota
1494 907 1536 955 est
1546 912 1630 970 ergo,
1643 896 1783 955 uatem

139 990 188 1047 hies
204 1009 212 1045 ε
226 990 289 1047 ideo
303 990 485 1061 septuaginta:
498 988 559 1061 quia
584 987 737 1059 temporalia
753 985 871 1058 promitti
894 985 935 1041 ui·
989 992 1060 1039 tuom
1069 988 1106 1041 tic
1118 994 1203 1041 aotam
1214 986 1276 1055 [αις
1291 988 1340 1045 nisi
1359 986 1495 1045 Christum
1516 998 1608 1057 tuum,
1627 989 1661 1047 de
1672 1006 1727 1062 quo
1738 990 1783 1047 di·

138 1083 238 1138 dentur
256 1082 284 1137 ιιι
293 1081 392 1139 Vetere
402 1080 582 1137 Testamenta.
603 1079 634 1136 Si
645 1087 739 1147 ortem,
754 1094 807 1135 non
820 1078 847 1134 in
871 1078 936 1149 ipsit
988 1085 1061 1135 ctum
1072 1088 1131 1147 est,
1146 1078 1180 1135 Et
1193 1080 1323 1136 bruelium
1336 1080 1438 1137 Darnini
1451 1083 1493 1137 cai
1503 1082 1641 1139 reneiamm
1654 1094 1690 1139 est
1703 1082 1780 1155 (leni.

118 1212 122 1221 .
139 1176 227 1242 antris,
241 1173 289 1231 sed
317 1173 345 1229 in
367 1172 543 1245 potentatibus,
560 1171 644 1240 idest,
657 1187 710 1228 non
728 1172 755 1228 in
775 1170 856 1229 rebus
870 1179 936 1227 tem·
988 1185 1052 1239 etta,
1068 1172 1115 1246 1),
1129 1172 1169 1228 sic
1180 1182 1272 1229 rictum
1285 1171 1343 1240 iac,
1356 1174 1422 1229 utin
1433 1174 1579 1231 eodiseant
1592 1174 1685 1231 tidelm
1698 1175 1734 1231 tui
1749 1190 1782 1231 ea

140 1265 290 1337 pacalibus,
306 1264 355 1321 sed
378 1265 405 1321 in
424 1264 542 1333 eternis,
556 1264 684 1338 octoginta
704 1264 766 1319 anni
777 1280 786 1330 ,·
799 1264 869 1335 quod
881 1262 935 1319 No·
988 1263 1074 1336 magis
1086 1278 1103 1319 a
1117 1273 1143 1321 te
1156 1279 1268 1337 poscere
1285 1274 1314 1322 et
1326 1280 1435 1338 sperare
1447 1265 1556 1337 proemia
1576 1266 1639 1324 utet
1652 1282 1712 1339 qum
1726 1280 1781 1323 non

139 1337 420 1413 snm'Tcstamentum
433 1357 459 1411 iu
474 1370 523 1429 spe
547 1364 588 1413 est
609 1354 790 1412 renovationis
804 1364 830 1411 et
843 1370 936 1411 resur·
988 1364 1119 1429 apparent
1132 1358 1160 1413 in
1172 1356 1270 1415 Vetere
1279 1358 1461 1427 Testamenta,
1472 1360 1519 1415 sed
1530 1350 1784 1416 revelanturinllo·

126 1415 267 1507 lrcctionis
282 1450 309 1506 in
323 1457 451 1505 aeternum
466 1446 721 1520 :etomptimeomm
734 1446 805 1503 labor
817 1456 841 1501 et
850 1444 935 1515 delon·
989 1462 1040 1515 vo;
1056 1463 1090 1504 ne
1109 1449 1274 1507 arbitrentur
1287 1463 1336 1521 pro
1348 1464 1444 1520 magno
1457 1448 1606 1507 habendam
1620 1458 1649 1507 ct
1668 1452 1780 1522 cupien-

140 1539 164 1598 it
178 1551 229 1609 est,
244 1542 367 1614 quisquis
385 1539 455 1597 banc
472 1540 552 1597 iidem
566 1539 770 1613 transgreditur,
785 1537 936 1610 etamplius
987 1538 1051 1595 dam
1062 1540 1105 1595 rel
1113 1540 1289 1599 adamandam
1300 1556 1361 1599 esse
1373 1550 1539 1599 terrenorum
1551 1555 1584 1597 ac
1595 1542 1781 1611 temporalium

140 1634 238 1704 aliquid
255 1635 361 1705 spuerit,
378 1633 483 1691 labores
502 1632 605 1689 invenit
623 1640 650 1687 et
664 1630 780 1688 dolores.
795 1630 886 1688 Potest
908 1640 937 1688 et
988 1629 1119 1687 benorum
1135 1630 1297 1699 felicitatem,
1313 1641 1341 1689 et
1352 1640 1571 1689 commoveantur
1582 1630 1665 1704 pedes
1676 1646 1782 1697 eorum,

140 1726 176 1781 sie
190 1726 305 1797 intelligi
322 1744 329 1783 r
344 1725 410 1796 Quia
426 1724 525 1782 licetin
547 1724 621 1782 Novo
640 1724 812 1783 Testamenta
835 1723 936 1781 consti·
988 1740 1049 1781 cum
1061 1726 1327 1785 eamriderentetin
1341 1728 1438 1800 eisqui
1451 1735 1478 1783 te
1489 1742 1543 1783 non
1556 1726 1783 1797 colunt3etgree·

142 1818 188 1872 tuti
211 1818 313 1885 simus,
340 1815 412 1889 qnod
434 1817 624 1889 octogenarius
646 1814 778 1888 significat
797 1830 935 1883 numerus,
988 1833 1036 1875 sus
1049 1833 1141 1875 earum
1154 1819 1364 1877 eliundantoriu
1386 1821 1507 1893 lapsum,
1520 1820 1585 1877 dum
1598 1821 1721 1877 ttesciunt
1739 1818 1783 1875 di·

142 1910 255 1980 atriplius
276 1909 357 1965 babet
382 1907 506 1965 lectita
529 1916 621 1964 nostra
637 1906 933 1975 laboremetdolorem,
989 1925 1131 1968 numerare
1143 1911 1209 1967 iram
1230 1911 1324 1967 tuami
1336 1910 1614 1989 Deraiqttesecmndum
1629 1909 1699 1966 banc
1718 1924 1782 1966 ora·

142 2004 200 2059 dum
213 2006 239 2059 in
254 2003 455 2075 nobismetipsis
476 2002 685 2076 ingemiscimus,
705 2002 876 2076 adoptionem
890 2018 937 2058 ex·
990 2001 1090 2059 tionem
1102 2002 1220 2059 bominis
1231 2003 1291 2071 sui,
1306 2003 1346 2059 sic
1356 2013 1448 2060 uotum
1462 2002 1527 2059 iecit
1536 2002 1671 2059 Christum
1684 2016 1783 2067 sotim,

142 2105 294 2169 spectantes
307 2096 518 2168 redemptionem
541 2098 661 2169 corporis
680 2096 763 2153 nostri
780 2114 787 2153 :
803 2110 851 2167 epe
864 2096 936 2152 enim
989 2105 1019 2154 ut
1030 2096 1085 2152 suis
1098 2096 1267 2167 passionibus
1276 2096 1485 2163 demonstraret,
1495 2110 1547 2151 non
1558 2108 1590 2150 ea
1602 2108 1713 2151 munera
1724 2108 1785 2164 qum

142 2188 204 2244 salvi
215 2187 279 2245 lacti
291 2204 399 2257 sumus;
412 2196 439 2245 et
450 2188 521 2260 quod
537 2189 654 2246 nondum
676 2187 807 2251 ridemus,
832 2202 881 2258 per
891 2200 937 2259 pa·
988 2191 1114 2247 ridentur
1124 2204 1221 2247 sonare
1234 2190 1260 2245 in
1274 2189 1372 2246 Vetere
1384 2190 1572 2256 Testamenta,
1588 2187 1633 2245 ubi
1647 2196 1711 2244 sunt
1723 2202 1785 2243 um·

143 2283 261 2339 tientiam
275 2295 461 2356 exspectamus
480 2282 568 2357 (Rom.
584 2299 640 2351 ιιιι,
654 2280 760 2355 ert-25).
775 2281 810 2339 Et
831 2280 883 2337 boc
903 2280 938 2338 ad
989 2282 1046 2341 bre
1057 2281 1225 2349 luturorum,
1240 2281 1287 2339 sed
1301 2289 1400 2337 aeterna
1413 2296 1474 2337 csse
1495 2280 1717 2350 concupiscenda.
1732 2280 1784 2335 Po·

145 2376 355 2432 misericordiam
372 2376 417 2433 lici
433 2376 566 2447 pertinet:
581 2373 651 2431 unde
665 2376 795 2447 sequitur,
811 2384 836 2431 et
852 2372 935 2443 dicit,
990 2385 1044 2434 test
1061 2378 1089 2433 in
1103 2377 1156 2433 isto
1175 2391 1257 2433 sensu
1268 2376 1349 2432 etiam
1361 2375 1408 2431 lici
1422 2374 1534 2432 dextera
1547 2373 1677 2445 intelligi,
1692 2374 1719 2427 in
1730 2388 1784 2444 qus

144 2466 270 2533 Quoniam
282 2468 426 2538 mperocnit
438 2484 514 2539 nuper
528 2483 573 2522 nos
587 2466 763 2533 nmnaoetude,
777 2476 802 2521 et
814 2464 937 2536 corripie-
987 2472 1076 2545 juncos
1095 2484 1159 2527 enos
1173 2470 1208 2526 ab
1221 2470 1311 2541 imptis
1331 2468 1503 2540 segregabit:
1518 2467 1580 2539 quia
1594 2475 1622 2522 et
1644 2467 1702 2535 ipsa
1715 2466 1784 2522 ιοιιο

143 2580 205 2617 mur.
216 2561 304 2632 Quem
315 2561 386 2618 euim
406 2560 491 2633 diligit
517 2561 663 2624 Dominus,
677 2560 787 2631 corripit
799 2575 806 2627 ;
821 2556 938 2629 llagellat
986 2567 1029 2622 ,ιο
1041 2564 1202 2631 innotescit,
1217 2578 1278 2619 curn
1292 2562 1407 2633 depellat
1419 2575 1528 2617 ornnem
1548 2561 1632 2617 illium
1646 2574 1726 2631 quern
1739 2572 1785 2615 re·

144 2666 232 2713 eonem
253 2671 361 2713 omnen
386 2654 573 2726 utrumquem
586 2650 939 2725 recipitqum.1n,e)2n
990 2658 1071 2729 cinti,
1086 2671 1137 2713 nee
1157 2656 1184 2711 tn
1198 2654 1315 2727 peccam
1327 2655 1383 2709 sote
1398 2653 1550 2725 prosperari
1570 2652 1636 2707 sinn
1655 2650 1715 2723 ptos
1728 2652 1784 2706 tn·

145 2750 189 2807 ‘iil
200 2750 282 2807 ellim
295 2748 400 2820 minii
414 2746 571 2820 bilbilim
585 2746 721 2803 stimulum
741 2744 840 2810 cirilli,
855 2759 870 2799 ³
885 2757 938 2815 ‘1¹¹⁰
990 2750 1107 2816 scendo,
1122 2749 1170 2807 sed
1184 2748 1212 2805 in
1226 2746 1447 2814 mansuetudine,
1464 2746 1572 2802 sinistra
1584 2745 1594 2777 ¹
1609 2743 1743 2815 flagellat,
1757 2749 1787 2798 ιι

144 2841 353 2913 colaphizentur,
366 2855 401 2897 ne
415 2840 577 2896 extollantur
590 2838 616 2893 iu
631 2835 810 2909 magnitudine
831 2834 938 2891 revela·
990 2843 1161 2901 emendatum
1183 2841 1217 2898 ad
1238 2840 1380 2897 dexteram
1402 2847 1485 2910 ponat
1499 2835 1614 2911 (lintti.
1630 2851 1710 2903 ur,
1731 2834 1785 2901 at,

146 2934 243 2989 tionum
271 2948 392 3001 suarum,
415 2939 445 2988 ut
465 2932 549 2988 uirtus
575 2932 601 2987 in
618 2930 772 2987 indemitate
787 2929 939 3001 perficiatur
991 2938 1058 3009 bb).
1084 2936 1118 2992 Et
1131 2933 1198 2991 illud
1212 2934 1284 3006 qnod
1307 2934 1428 3006 plerique
1441 2931 1549 2988 codices
1570 2930 1689 2997 babent,
1713 2928 1786 2985 lies.

146 3025 175 3099 (ll
189 3026 250 3083 (3⁰⁸¹-
264 3043 312 3093 ¹¹¹,
327 3027 354 3095 7.
368 3025 408 3098 9)·
430 3024 542 3094 Quidem
561 3039 626 3081 ⁸²¹¹ss
645 3022 814 3080 willelmi!
829 3022 937 3087 liabent.
992 3040 1071 3086 terum
1095 3038 1165 3084 tuom
1187 3037 1274 3083 notam
1297 3030 1337 3099 fac
1358 3026 1444 3090 miii,
1468 3024 1502 3081 ad
1526 3032 1670 3095 utmmque
1692 3018 1787 3077 relerrl

144 3119 386 3194 rmripiemur;sed
413 3119 566 3186 erudiemur,
579 3116 650 3188 qood
663 3116 697 3174 ad
719 3116 840 3174 eamdem
861 3130 938 3171 mtu-
992 3129 1099 3196 potest,
1114 3120 1174 3178 sire
1195 3120 1229 3177 ad
1253 3118 1406 3185 christum,
1422 3116 1481 3173 site
1500 3115 1677 3171 maternam
1700 3110 1787 3168 letici-

144 3213 312 3271 suetudinem
340 3220 491 3269 revocatur.
522 3209 581 3267 Non
614 3208 686 3265 enim
723 3218 813 3281 potest
838 3208 939 3265 erudiri
991 3224 1074 3272 tatem
1091 3232 1098 3270 :
1113 3228 1175 3269 nam
1188 3212 1260 3269 liene
1283 3212 1319 3267 ita
1343 3226 1397 3267 non
1422 3208 1502 3265 babet
1523 3205 1671 3277 corporalis
1694 3204 1787 3259 terme

145 3307 354 3381 quisquamsine
368 3306 460 3363 labore
482 3313 511 3362 ct
531 3302 812 3376 dolorc;quiavirtus
825 3304 851 3360 in
866 3304 940 3360 inlu·
992 3306 1159 3373 derteram,
1183 3304 1253 3361 sicut
1275 3317 1326 3361 nce
1350 3303 1419 3359 iram
1443 3296 1670 3371 commotionibus
1692 3295 1787 3353 turbu·

144 3398 397 3471 mitateperlicitur.
992 3398 1104 3457 lenum.
1177 3396 1183 3406 '

179 3495 223 3549 11.
239 3491 317 3567 [rere.
333 3493 377 3557 11,
393 3490 448 3567 ιι).
466 3490 529 3561 Quin
543 3491 610 3545 namt
625 3500 771 3563 potestatem
785 3492 831 3547 ire
844 3498 903 3558 tum,
917 3498 941 3546 et
1029 3494 1074 3549 tlt.
1089 3491 1165 3563 Quod
1179 3498 1244 3548 rere
1255 3488 1392 3562 adjungit,
1409 3487 1441 3543 Et
1454 3487 1608 3559 compeditos
1620 3485 1695 3541 eorde
1705 3485 1733 3540 in
1746 3500 1789 3540 m·

145 3584 295 3656 praetimore
309 3584 423 3639 tonicam
435 3590 504 3637 tuom
516 3582 693 3638 dinumerare?
701 3581 784 3638 Valde
796 3596 941 3654 paucorum
994 3585 1107 3656 mentio:
1118 3584 1162 3639 aiii
1173 3580 1280 3639 codices
1290 3595 1345 3638 non
1357 3579 1467 3644 ltabcm,
1481 3578 1647 3649 sonipeditoa,
1660 3575 1718 3639 sed.
1729 3591 1789 3631 era·

146 3677 282 3733 bominum
299 3684 350 3745 est,
364 3676 459 3748 inquit,
473 3690 552 3732 nosse
565 3676 611 3730 irae
624 3685 676 3731 tum
691 3684 863 3747 potestatem;
879 3676 941 3746 quia
993 3678 1071 3733 ditos.
1085 3676 1204 3733 Verbum
1216 3676 1287 3731 enim
1299 3689 1417 3746 grecum
1431 3673 1466 3727 ita
1486 3672 1638 3741 inutraque
1654 3668 1788 3741 signitica-

147 3770 282 3842 plerisque
294 3769 331 3825 ita
344 3768 446 3840 magis,
458 3782 519 3824 cum
531 3768 635 3839 parcis,
649 3766 789 3835 irasceris,
805 3776 832 3824 ut
841 3783 895 3824 uon
907 3767 942 3825 ad
994 3772 1068 3828 tinne
1082 3770 1205 3825 similiter
1216 3775 1304 3835 sonat,
1314 3776 1343 3822 nt
1352 3781 1406 3823 una
1418 3764 1520 3837 syllaba
1529 3764 1665 3835 paululum
1673 3762 1787 3819 diderat.

148 3864 230 3930 iram,
246 3863 295 3921 scd
317 3864 406 3935 potius
418 3862 451 3919 ad
472 3861 702 3918 mansuetudinem
718 3871 788 3918 tuam
808 3863 942 3933 pertinere
995 3862 1049 3921 Sed
1070 3878 1131 3919 cum
1146 3863 1184 3917 illi
1205 3860 1361 3917 erudiantur
1375 3861 1401 3913 in
1423 3858 1569 3930 sapientia,
1584 3857 1629 3929 qui
1644 3856 1787 3924 injiciunt,

147 3956 311 4028 intelligatur
320 3954 397 4011 labor
408 3953 528 4021 etdnlor,
537 3967 590 4025 qno
603 3954 715 4025 corripis
724 3954 867 4026 erudisque
876 3968 943 4026 quos
994 3956 1065 4012 sicut
1076 3954 1205 4025 scriptum
1219 3961 1272 4018 est,
1285 3952 1372 4024 peden
1385 3952 1413 4005 in
1426 3948 1558 4021 compedes
1571 3948 1627 4019 eitra
1642 3944 1735 4019 (Eccli
1751 3963 1788 4013 l'b

146 4050 244 4123 diligis,
259 4064 294 4105 ne
306 4048 393 4120 poenis
404 4047 591 4104 excrucientur
603 4046 709 4102 uternis
722 4062 728 4098 :
741 4046 810 4101 sicut
822 4046 893 4101 enim
905 4046 943 4101 le·
994 4047 1042 4121 ιδ)
1055 4046 1120 4120 (uon
1134 4047 1227 4117 utique
1238 4043 1334 4115 pedem
1346 4042 1484 4112 corporis,
1499 4040 1546 4096 sed
1561 4039 1655 4110 pedem
1667 4036 1767 4110 cordis)
1780 4080 1788 4104 ,

146 4142 215 4213 gitnr
228 4143 255 4197 in
269 4142 324 4196 alio
336 4135 455 4213 psalmo,
471 4136 584 4194 lrritnoit
600 4137 735 4195 Dominum
750 4148 882 4209 peccator,
897 4154 943 4211 pre
995 4149 1024 4197 et
1036 4138 1175 4212 ejusreim
1188 4134 1400 4193 auneiseiuoulis
1411 4134 1527 4206 illigatio
1536 4132 1578 4187 via
1587 4130 1634 4187 ilci
1646 4144 1699 4186 non
1711 4146 1791 4185 exor-

148 4236 322 4308 moqnitudine
331 4236 377 4289 iroe
388 4249 442 4289 suoe
453 4250 503 4289 uon
514 4233 626 4304 exquiret
638 4230 722 4303 (Psoi.
738 4247 765 4297 x,
774 4231 813 4304 l).
829 4230 892 4298 Quis
902 4246 944 4287 er·
997 4232 1098 4296 bilant,
1113 4245 1164 4288 uec
1175 4230 1242 4285 lluut
1253 4228 1287 4285 alt
1298 4228 1345 4285 ille
1357 4225 1475 4297 lugitiri3
1489 4224 1627 4296 quodlibet
1639 4223 1734 4279 lterum
1748 4222 1788 4277 le·

148 4345 181 4401 go
194 4330 281 4396 nome,
297 4327 323 4383 id
338 4334 397 4395 est,
413 4327 621 4399 quotusquisque
635 4324 769 4396 reperitur
780 4323 826 4395 qui
841 4323 945 4381 notvertt
995 4326 1165 4401 gatur,salra
1177 4334 1219 4381 est
1228 4322 1360 4379 stertentis
1371 4320 1501 4377 veritatis.
1510 4318 1545 4374 Et
1559 4317 1632 4390 ipsos
1642 4316 1791 4372 onimconr·

149 4430 298 4492 gementem
308 4420 355 4475 iroe
367 4427 433 4487 ture,
446 4427 468 4473 et
481 4434 534 4490 prm
548 4418 636 4473 timere
649 4425 692 4472 tuo
705 4417 770 4471 irum
784 4424 853 4471 tttom
867 4416 945 4472 dinu-
997 4418 1111 4491 pedites,
1124 4414 1168 4473 uel
1181 4414 1294 4470 meent
1306 4412 1382 4467 eorde
1394 4411 1421 4466 in
1432 4410 1559 4481 rapiendo
1571 4408 1611 4464 sic
1629 4416 1708 4463 notos
1721 4406 1791 4463 lleus

150 4514 266 4570 meere?
278 4512 366 4569 Etiam
381 4512 424 4569 hic
436 4511 602 4580 subauditur,
616 4512 671 4583 qttia
684 4510 761 4566 novit.
776 4508 861 4579 Quam
875 4509 945 4567 diiii·
998 4510 1061 4567 leeit
1081 4510 1108 4565 in
1120 4508 1195 4565 Nero
1209 4507 1398 4571 destruente,
1411 4512 1442 4560 ut
1462 4518 1512 4575 pro
1524 4502 1577 4558 ilde
1589 4516 1670 4574 qnam
1682 4499 1791 4557 iudeo·

150 4606 199 4663 cile
211 4604 348 4662 intrenitur
360 4602 406 4677 qul
419 4603 523 4660 noverit
536 4603 572 4659 ita
585 4618 640 4674 pren
654 4602 749 4658 timore
764 4610 809 4657 tuo
821 4601 942 4659 dinume·
998 4620 1058 4662 rum
1072 4613 1101 4659 et
1119 4602 1264 4660 Getttiiium
1276 4598 1458 4657 detestabatur
1469 4596 1608 4668 impietas,
1621 4592 1710 4650 omnia
1724 4606 1791 4649 oon·

151 4698 293 4755 corciram
307 4706 390 4765 tuam,
405 4704 435 4752 ut
445 4696 526 4753 etiam
540 4694 592 4750 boc
606 4693 696 4760 addat,
711 4693 855 4750 studeam
869 4693 946 4750 intel·
999 4702 1166 4763 temperem
1180 4704 1208 4752 ct
1221 4695 1260 4751 eis
1278 4708 1309 4751 se
1323 4691 1422 4765 privari
1435 4698 1604 4763 paterentur,
1620 4702 1680 4760 qam
1695 4700 1790 4757 magna

151 4790 214 4863 ligat
227 4792 374 4861 pertinere,
388 4788 459 4861 quod
473 4786 617 4853 nonnullis,
631 4787 727 4859 quibus
739 4786 798 4857 plus
811 4786 944 4852 irasceris,
999 4803 1094 4865 portant
1107 4790 1238 4863 promissa
1253 4790 1280 4845 in
1294 4788 1391 4845 lietera
1404 4786 1577 4841 Testamenta
1590 4781 1636 4854 qni
1650 4780 1793 4839 carnaliter

152 4898 262 4956 parcere
275 4882 407 4951 ridearis,
422 4892 450 4936 ut
464 4888 635 4952 prosperetur
648 4892 772 4951 peccator
785 4881 811 4936 in
822 4883 864 4937 ria
878 4896 944 4951 sua,
996 4886 1127 4958 judicant.
1454 4922 1462 4933 .

151 4990 177 5034 ct
189 4978 293 5051 anora
306 4977 417 5049 recipiat
429 4977 455 5032 in
470 4976 636 5032 novissimo?
649 4975 769 5032 Potestas
782 4976 881 5049 quippe
895 4976 946 5033 bu-
1035 4978 1080 5033 tt.
1096 4975 1171 5048 [cere
1188 4971 1244 5046 15.)
1261 4972 1294 5029 Et
1307 4970 1432 5045 qnoniam
1444 4983 1506 5025 cum
1518 4966 1621 5025 sicnoti
1634 4965 1746 5029 decent,
1762 4970 1792 5021 ut

151 5088 238 5129 mamm
260 5073 309 5128 irre
321 5086 382 5127 cum
396 5084 493 5141 corpus
513 5068 656 5136 occiderit,
672 5068 786 5139 amplius
800 5084 851 5123 nim
866 5066 948 5125 babet
999 5068 1044 5125 illa
1065 5072 1282 5131 contemnerent,
1297 5072 1326 5120 et
1338 5060 1521 5121 desiderandis
1533 5057 1640 5115 aeternis
1660 5070 1708 5126 per
1728 5067 1792 5111 suae

149 5167 212 5239 quid
226 5164 322 5233 iaciat;
332 5164 475 5221 pensiero
488 5160 568 5218 lrabet
582 5170 739 5231 potestatem
753 5160 830 5217 ethic
841 5162 945 5232 punire,
999 5161 1138 5233 passiones
1151 5157 1331 5214 testimoninm
1345 5154 1517 5226 perhiberent
1530 5147 1648 5220 (undeet
1661 5154 1742 5201 testes
1752 5144 1794 5201 di·

131 5276 135 5285 ¹
149 5270 177 5316 et
192 5256 384 5331 prestcorporis
398 5264 511 5312 mortem
524 5255 631 5311 mittere
641 5256 667 5310 in
682 5254 831 5327 gebennam
840 5253 946 5325 (dotti.
999 5252 1036 5309 cti
1050 5258 1126 5311 sunt:
1137 5250 1177 5306 sic
1188 5250 1259 5306 enim
1271 5261 1359 5319 grace
1370 5254 1502 5315 martyres
1513 5234 1794 5310 appellenturlmnulta

148 5368 178 5419 r,
187 5351 246 5425 ιιι).
262 5350 299 5408 Et
311 5366 328 5407 a
342 5350 434 5423 paucis
445 5348 556 5406 eruditis
569 5349 655 5419 major
667 5350 726 5420 ejus
740 5348 779 5404 ira
793 5349 948 5421 intelligitur
999 5352 1029 5400 et
1041 5342 1154 5399 multum
1167 5340 1272 5397 malaet
1283 5337 1380 5394 acerba
1392 5327 1798 5404 ggmporottsperroternnqbne

148 5461 219 5502 vana
233 5452 262 5502 ct
273 5442 426 5501 seductoria
440 5441 553 5498 felicitas
574 5442 725 5512 impiorum.
741 5440 815 5499 lianc
835 5441 881 5499 ille
893 5456 948 5498 nou
1000 5437 1115 5494 attendit
1135 5436 1186 5492 iste
1200 5434 1282 5490 bomo
1295 5430 1360 5494 liei,
1381 5437 1410 5485 et
1422 5425 1531 5497 spiritus
1552 5422 1729 5499 propbeteos
1750 5442 1800 5497 per

148 5547 272 5606 noterat,
285 5536 362 5609 cujus
376 5550 444 5606 pene
457 5534 658 5590 commotisunt
671 5532 836 5607 pedes,quia
851 5535 948 5591 zelavit
1000 5530 1084 5603 bloysi
1099 5529 1255 5585 uocabulum
1278 5528 1423 5597 liguratus,
1436 5528 1464 5575 et
1483 5519 1523 5579 all
1537 5540 1545 5579 ι
1561 5523 1725 5590 cranmere,
1741 5519 1798 5575 lio·

146 5630 178 5688 in
192 5627 397 5702 peccatoribus,
412 5640 506 5697 pacem
519 5635 689 5699 peccatorum
703 5627 810 5683 irttnens
825 5644 832 5682 :
848 5627 896 5685 sed
908 5627 950 5684 di·
1000 5624 1085 5688 mine,·
1101 5619 1249 5695 quomque!
1262 5626 1284 5673 et
1298 5610 1528 5688 deprecobiiie'eato
1541 5632 1618 5689 anper
1630 5629 1715 5671 rerem
1728 5621 1797 5669 moe.

25 5778 26 5805 3
147 5724 216 5781 dicit
227 5738 300 5794 eam,
316 5736 379 5780 cum
396 5718 509 5778 intraret
520 5720 549 5777 in
562 5720 741 5777 muctuarium
755 5720 812 5785 uei.
826 5728 853 5777 et
866 5719 948 5777 intel·
1033 5755 1128 5821 ,ω’
1149 5756 1280 5809 ‚mm
1300 5748 1397 5819 ΗΜ
1408 5749 1633 5820 mm..
1648 5752 1675 5799 α
1692 5742 1800 5811 qm.

25 5818 26 5821 ’
149 5818 247 5891 ligaret
258 5820 287 5878 ln
299 5815 448 5877 norissima
461 5812 547 5890 (Psoi.
562 5830 644 5889 uun,
654 5816 681 5888 ι,
693 5816 721 5888 ὅ,
736 5815 858 5891 lipaque
871 5818 948 5889 pauci
1002 5819 1110 5876 mmmm
