4084 6367
269 290 339 357 lenz
899 286 928 345 S.
948 278 1132 345 sucusttru
1153 284 1302 351 urtseelt
1836 294 1905 362 idol

264 413 326 485 quia
339 408 479 467 (filistiim
496 404 626 479 imiimi
640 403 720 473 ioel'il
732 408 850 458 cilim-
868 400 918 458 Ubi
931 416 994 473 ⁸¹8⁰
1007 418 1056 473 se·
1115 404 1172 464 lari.
1189 406 1267 465 llcrdo
1279 420 1370 467 autern
1385 418 1526 482 autequam
1542 410 1678 483 eiiciatnr,
1695 412 1750 471 llru
1766 432 1820 485 inc,
1834 419 1903 491 pred

265 506 325 573 nir,
339 511 367 561 et
379 504 527 573 intorques
540 495 879 554 lralcitetllnlmiitceicum
892 495 1059 552 tcicnmcnlt's
1111 498 1235 553 incolatus
1256 517 1326 554 mens
1347 502 1496 573 longinquus
1517 503 1600 574 lectus
1618 507 1671 561 cst!
1688 507 1826 563 inhabitavi
1845 526 1904 565 curn

266 598 358 655 Ccdnr.
373 597 491 653 Verbum
508 594 559 649 lme
571 592 632 661 quia
648 589 784 645 hebreum
799 597 856 656 εει,
872 588 962 659 procul
977 587 1058 645 dubio
1111 589 1276 645 telernccnlis
1299 588 1389 645 Celer.
1413 592 1445 647 Et
1469 595 1578 662 exponit
1596 594 1690 665 nobis,
1710 599 1755 669 qni
1777 607 1844 677 snm·
1859 598 1904 655 iser

265 707 321 749 non
333 686 509 746 intellexistis.
522 683 590 753 Qnid
603 694 654 749 est,
667 680 812 737 lulmir'tcci
823 697 879 735 cnm
893 678 1058 735 tabernuculis
1110 682 1154 753 qni
1169 683 1303 753 pertinent
1314 684 1347 737 ad
1362 685 1530 741 tabernacula
1544 686 1639 745 Cedsr.

266 778 468 842 ccunrtceun,
479 784 606 846 quanmm
618 772 787 829 meminimus
797 787 831 826 ex
841 770 1058 841 interpretatione
1146 772 1173 828 8.
1189 772 1263 847 [cers.
1279 768 1318 847 li]
1333 774 1443 831 llnttum
1458 779 1665 851 peregrinatam
1682 781 1769 835 antina
1782 798 1848 837 inea,
1864 774 1903 839 Ne

266 870 404 927 nominum
419 862 1060 933 lrelnccurum,Tenebrassignificat.'lnterpre·
1111 865 1351 935 peregrinationem
1378 869 1544 939 corporalem
1575 871 1756 943 intelligeres,
1785 872 1902 929 sicimam

265 969 348 1016 tetum
360 958 447 1015 Cedar
461 957 560 1024 latine,
575 956 705 1011 Teneone
717 954 850 1009 dicuntur.
865 953 954 1009 anris
968 965 1059 1011 nutem
1110 954 1176 1010 dixit
1197 957 1371 1031 peregrinari.
1388 958 1493 1030 Corpus
1512 964 1697 1033 peregrinatur
1715 964 1795 1031 locis,
1812 965 1903 1021 euitare

265 1052 334 1109 duos
347 1052 416 1108 lilios
430 1050 554 1107 lrabuisse
571 1048 722 1114 Abraham,
738 1062 804 1117 quos
817 1048 924 1118 quidem
941 1062 1059 1103 corrrme⁶
1110 1048 1297 1117 peregrinetur
1309 1047 1456 1105 ellectitnrs.
1469 1050 1496 1107 Si
1511 1054 1642 1109 amareris
1657 1063 1766 1119 terram,
1782 1056 1901 1129 peregri-

265 1152 355 1201 morat
369 1140 529 1211 Apostolus,
542 1151 570 1195 et
582 1138 615 1193 ad
631 1138 772 1208 imaginem
785 1136 898 1213 duorum
914 1144 1058 1193 testamen·

264 1240 353 1287 torum
365 1245 426 1287 εεεε
436 1230 501 1285 dicit
515 1246 521 1283 :
534 1241 602 1282 unus
613 1226 647 1281 de
660 1226 754 1281 aneilla
767 1234 840 1290 erat,
856 1235 882 1279 et
897 1226 964 1280 alter
975 1224 1009 1280 de
1023 1225 1058 1281 li·

264 1322 340 1380 uera.
358 1321 397 1377 Er
414 1319 525 1384 ancilla,
540 1318 635 1374 ismael
649 1324 722 1382 ernt;
737 1315 771 1371 dc
785 1316 866 1371 libera
882 1315 963 1381 Sara,
979 1331 1058 1387 quem

265 1416 385 1487 suscepit
398 1430 433 1470 ex
446 1412 632 1484 desperatione
645 1426 693 1481 per
706 1408 797 1475 tidem,
811 1406 885 1465 lsauc
899 1418 966 1465 erat.
981 1408 1060 1465 Uter·

265 1523 317 1578 que
327 1522 358 1561 er
372 1506 474 1561 semine
488 1502 611 1569 Aunes,
626 1501 673 1557 sed
688 1514 740 1555 nun
754 1507 865 1570 uterque
877 1499 965 1555 huces
975 1499 1060 1555 Abra-

264 1598 318 1655 lne.
335 1597 373 1653 lic
388 1596 522 1651 Abralram
538 1603 615 1649 cratus
629 1606 712 1658 rums,
728 1589 776 1646 sed
794 1598 882 1647 tamen
901 1604 955 1645 tren
971 1589 1059 1645 lucere-

265 1690 334 1755 ,ditat
349 1707 356 1744 :
371 1687 438 1744 alter
456 1686 537 1742 etiam
558 1686 662 1751 lr·.eres;
683 1697 738 1739 uon
755 1682 842 1738 solum
862 1681 947 1749 lilius,
967 1682 1014 1739 sod
1033 1691 1061 1739 ει

264 1775 363 1835 necros.
384 1776 412 1832 ln
433 1776 528 1833 ismael
548 1782 609 1831 sunt
626 1788 720 1829 omnes
738 1771 785 1845 qui
806 1772 950 1831 carnaliter
969 1773 1060 1829 enlunt

265 1872 362 1929 Deum.
377 1868 416 1924 Ad
429 1869 501 1940 ipsos
514 1868 585 1923 enirn
598 1874 626 1922 et
638 1873 714 1920 retus
724 1871 912 1920 testamentum
924 1864 1057 1932 pertinet:

273 1965 327 2036 pria
340 1964 379 2020 sic
391 1962 458 2017 dixit
470 1960 623 2031 Apostolus,
635 1958 689 2015 Sui
698 1956 766 2031 lege
775 1957 884 2013 colentes
893 1972 955 2022 csse,
967 1955 1060 2027 Legem

264 2043 316 2117 iren
336 2056 463 2111 ettdirtitl
482 2054 667 2124 scriptumest
686 2052 751 2105 enim
767 2049 836 2123 pseud
854 2049 981 2105 Alrulmm
995 2050 1059 2107 dues

264 2149 332 2221 filios
346 2148 450 2216 lrcdrrit,
464 2159 542 2201 arcum
556 2145 588 2199 de
599 2143 704 2210 credite,
719 2151 742 2197 ct
756 2158 835 2197 unum
847 2141 879 2196 de
892 2142 970 2197 liltore
978 2158 988 2208 ,·
1002 2156 1060 2213 qne

264 2250 323 2296 aum
336 2240 363 2295 in
376 2240 509 2311 allegoria.
526 2236 587 2293 llcec
600 2237 667 2291 enim
680 2245 740 2291 arnt
758 2234 809 2289 tlte
823 2243 980 2290 testamenta.
993 2234 1060 2303 Quae

264 2333 390 2398 suntduo
401 2331 576 2389 testamenta?
587 2329 674 2387 Unum
688 2337 776 2395 retus,
786 2336 814 2385 et
824 2328 938 2386 alterum
947 2340 1057 2383 nescim.

263 2425 348 2484 iletns
362 2432 551 2483 testamentum
564 2439 579 2477 e
594 2423 665 2485 Dee,
679 2429 707 2479 et
722 2436 820 2477 nerum
840 2429 1028 2477 testamentum
1043 2436 1059 2477 e

263 2518 338 2588 lieo3
352 2517 486 2589 quomodo
505 2515 539 2572 de
556 2513 692 2570 Abraham
706 2522 734 2568 ει
747 2512 841 2569 lsrnacl
860 2520 887 2568 ει
903 2512 986 2568 lscse.
1004 2512 1058 2569 Sed

262 2606 360 2672 ismael
373 2610 407 2667 ad
422 2618 572 2673 terrenum,
587 2607 660 2663 lsaac
679 2606 713 2663 sd
729 2606 840 2664 celeste
855 2621 978 2679 regnum.
994 2604 1058 2663 ldce

262 2715 341 2762 retus
353 2711 541 2762 testamentum
558 2699 752 2772 promissiones
765 2698 845 2755 hebet
858 2706 990 2765 terrenas,
1003 2708 1058 2755 ter·

263 2811 356 2860 renam
369 2796 527 2863 Jerusalem,
542 2801 675 2849 terrenam
688 2791 867 2856 intestinam,
879 2804 990 2861 reguum
1003 2801 1057 2847 ter-

263 2907 377 2954 renum,
390 2888 504 2945 salutem
520 2894 672 2950 terrenam,
687 2882 805 2938 uestium
822 2880 1055 2952 subjugationem,

1111 1136 1210 1192 carisa
1227 1138 1282 1194 lieo
1297 1156 1304 1193 t
1319 1140 1341 1194 si
1359 1142 1490 1198 annareris
1504 1144 1587 1198 Deum
1598 1186 1606 1211 ,
1618 1144 1740 1201 ascendis
1754 1144 1787 1201 ad
1806 1149 1901 1203 lteunn

1112 1226 1140 1281 ln
1153 1227 1282 1285 enaritate
1295 1230 1341 1285 lici
1356 1240 1382 1285 et
1396 1234 1509 1303 prorirni
1523 1248 1705 1303 exerceamur,
1719 1244 1748 1293 ut
1760 1237 1902 1295 redeamus

1110 1320 1143 1375 nd
1154 1317 1321 1378 charitatem.
1332 1322 1359 1381 Si
1372 1324 1497 1381 cudamus
1511 1326 1536 1381 in
1550 1335 1659 1395 terram,
1674 1328 1862 1385 marcescimus
1874 1332 1901 1385 cl

1112 1413 1295 1481 putrescimus.
1311 1412 1362 1470 lste
1374 1424 1463 1471 autem
1476 1412 1521 1485 qul
1534 1416 1675 1486 ceciderat,
1689 1420 1846 1475 descensum
1860 1430 1902 1475 cst

1111 1503 1144 1557 ad
1157 1518 1235 1573 cum,
1248 1514 1278 1560 nt
1291 1507 1457 1564 ascenderet.
1475 1508 1618 1566 lutendens
1631 1519 1734 1582 tempus
1747 1514 1902 1583 peregrine·

1112 1592 1192 1649 tionis
1205 1609 1269 1660 suae,
1284 1594 1350 1651 dixit
1362 1612 1391 1652 se
1404 1598 1567 1669 peregrinari
1580 1602 1606 1655 in
1618 1598 1792 1657 nuernaenlrs
1803 1602 1900 1659 Ccdnr.

1111 1682 1216 1752 Quare?
1233 1685 1299 1755 Quia
1322 1687 1428 1743 multum
1447 1690 1605 1762 peregrinula
1620 1702 1657 1749 est
1676 1692 1762 1771 enimc
1775 1710 1841 1751 inec.
1861 1688 1901 1751 lbi

1112 1776 1305 1848 peregrinatur,
1318 1780 1361 1835 ulri
1372 1781 1501 1837 escendit.
1515 1782 1572 1838 Nnn
1583 1798 1695 1855 corpore
1706 1786 1900 1857 peregrinatur,

1111 1883 1164 1922 nnn
1180 1883 1294 1941 corpore
1308 1872 1437 1927 ascendit.
1452 1872 1561 1929 Seduni
1575 1874 1713 1931 ascendit?
1724 1876 1900 1947 mensores,

1112 1958 1206 2029 inquit,
1220 1958 1245 2013 in
1258 1962 1342 2017 corde.
1356 1960 1382 2019 Si
1397 1976 1461 2034 ergo
1475 1964 1595 2020 ascendit
1604 1966 1631 2020 in
1641 1965 1732 2035 eorde,
1743 1983 1796 2023 non
1806 1982 1903 2023 ascen-

1111 2047 1150 2105 dit
1165 2064 1212 2119 pec
1225 2051 1397 2109 escensiones
1410 2052 1498 2110 cordis
1511 2056 1562 2111 nisi
1574 2056 1662 2112 anima
1673 2072 1733 2129 quae
1745 2059 1902 2131 peregrina·

1112 2148 1164 2197 tur.
1179 2140 1231 2199 seu
1244 2141 1329 2199 donec
1343 2144 1489 2215 perveniat,
1502 2148 1610 2203 mettum
1622 2150 1781 2221 peregrinatu
1794 2160 1830 2205 cst
1844 2152 1903 2205 orci·

1110 2252 1153 2291 nra
1167 2253 1231 2292 mee.
1244 2234 1355 2295 ubilin
1368 2238 1534 2295 telernecntlc
1549 2240 1639 2297 Celer.

1145 2330 1173 2387 9.
1189 2328 1270 2403 [cers.
1285 2329 1329 2405 'l.]
1342 2330 1404 2387 Cum
1419 2333 1458 2389 tric
1473 2334 1517 2405 pei
1532 2335 1639 2391 oderunt
1656 2351 1758 2407 pacem,
1772 2352 1841 2391 eam
1855 2354 1903 2410 pc-

1110 2420 1208 2491 cificns.
1229 2421 1328 2478 ilerum
1348 2432 1377 2479 ut
1396 2423 1526 2490 audiatis,
1547 2424 1643 2481 iratres
1659 2425 1826 2495 charissimi,
1847 2443 1902 2486 non

1110 2514 1232 2583 poteritis
1249 2514 1364 2584 probare
1379 2530 1459 2586 quam
1473 2530 1535 2572 cera
1553 2516 1683 2584 cernetis,
1700 2517 1750 2574 nisi
1765 2519 1904 2587 reperiris

1111 2602 1198 2661 lacere
1212 2605 1283 2675 praed
1297 2606 1420 2663 cantatis.
1434 2605 1632 2675 Quantumlibet
1647 2606 1710 2663 itlud
1724 2607 1821 2675 dicam,
1834 2624 1903 2681 quo-

1110 2697 1258 2755 modolibet
1274 2713 1418 2771 exponam,
1434 2700 1667 2772 qualibuscumque
1683 2702 1770 2757 verbis
1785 2717 1902 2771 versem,

1110 2806 1163 2846 nun
1176 2791 1257 2847 intrat
1269 2790 1296 2846 in
1309 2806 1355 2847 eor
1367 2792 1425 2862 ejns
1441 2792 1467 2847 in
1478 2806 1531 2863 cpio
1547 2806 1600 2847 nori
1613 2800 1655 2848 est
1667 2807 1734 2863 epus
1747 2793 1816 2864 ejus.
1832 2793 1903 2850 inci·

1110 2884 1164 2953 pite
1177 2897 1267 2953 agere,
1281 2892 1308 2937 ct
1321 2882 1409 2939 ridete
1423 2884 1486 2954 quid
1502 2883 1652 2954 territamur.
1665 2884 1741 2941 'lune
1751 2886 1784 2941 ad
1797 2886 1903 2958 singula
1959 2922 1962 2926 -

263 2982 452 3050 pltuudsntiarn
466 2978 600 3042 liliorum,
609 2974 797 3032 iocunditatem
811 2970 918 3043 liugom
928 2973 949 3027 ¹.
961 2972 1057 3031 Omnia
1108 2974 1189 3030 rerlre
1204 2975 1327 3046 lnerymae
1344 2974 1494 3045 prnlltrunt,
1510 2986 1572 3031 tunc
1586 2976 1709 3033 Pselmus
1720 2986 1860 3046 estrutnr,
1873 2988 1902 3035 et

262 3076 313 3134 iste
329 3072 519 3145 promissiones
532 3076 596 3125 sunt
607 3075 731 3123 terrenae.
747 3065 776 3121 lu
788 3062 873 3136 ligura
884 3064 1057 3136 spiritualiter
1108 3064 1171 3121 lacit
1184 3080 1231 3121 cor
1245 3065 1355 3139 quodie
1370 3066 1478 3122 Psslnm
1489 3075 1621 3124 cantatur.
1635 3068 1718 3139 Quam
1735 3070 1811 3127 multi
1827 3072 1899 3127 euim

262 3166 458 3238 intelliguntur,
470 3158 605 3233 quonredo
616 3157 766 3215 ierusalem
778 3164 884 3213 terrena
895 3156 988 3213 umlrra
999 3164 1057 3215 erat
1108 3166 1206 3213 sonant
1223 3172 1304 3224 rece,
1319 3168 1346 3213 ει
1359 3158 1440 3214 corde
1453 3159 1518 3213 nuni
1535 3158 1617 3214 snntl
1631 3160 1664 3217 Et
1676 3176 1754 3232 qrram
1767 3163 1843 3217 multi
1858 3173 1901 3218 ta-

262 3260 338 3330 regni
350 3255 479 3321 coetestis,
493 3263 521 3310 ει
532 3267 642 3324 reguum
656 3260 792 3310 terrenum
805 3251 899 3305 umbre
912 3260 970 3306 eret
982 3250 1056 3322 regni
1107 3259 1169 3305 cent
1184 3247 1278 3317 labiis,
1292 3257 1319 3303 et
1336 3250 1451 3305 clamant
1467 3248 1582 3305 allectat
1596 3250 1662 3319 Quia
1677 3250 1711 3307 ad
1725 3268 1773 3309 cor
1785 3252 1901 3309 heminis

261 3352 402 3409 mierum.
421 3345 518 3404 mmael
538 3345 564 3400 in
582 3342 694 3411 umbre,
711 3340 785 3397 issac
807 3341 834 3395 in
852 3341 922 3397 luce.
944 3341 972 3397 Si
991 3356 1056 3413 ergo
1087 3360 1091 3367 ·
1108 3354 1186 3395 aures
1198 3340 1243 3396 liei
1256 3356 1263 3397 :
1276 3341 1563 3411 sicutanrescorporis
1576 3342 1608 3399 ad
1621 3357 1652 3400 os
1664 3342 1789 3411 hominis,
1803 3344 1900 3401 siecor

262 3440 359 3500 ismael
373 3438 401 3495 in
415 3438 524 3503 nmina,
539 3450 594 3493 neu
608 3433 705 3489 ninum
716 3432 779 3503 quie
796 3432 830 3487 ilri
847 3432 976 3489 censure.
990 3430 1055 3491 Pin·
1107 3431 1224 3489 hominis
1238 3430 1271 3488 ad
1284 3446 1363 3488 aures
1379 3432 1437 3491 lici.
1452 3432 1526 3488 ilulti
1541 3433 1632 3491 clause
1648 3446 1694 3489 ure
1708 3435 1897 3503 exaudinmnr,

260 3537 370 3606 guiores
383 3530 483 3590 etenim
497 3527 598 3584 nnrhrae
614 3524 733 3582 tenebre
744 3531 818 3581 sunt.
833 3519 905 3595 Ergo
917 3524 1014 3581 leucael
1027 3526 1054 3581 in
1107 3532 1134 3579 ct
1149 3524 1224 3579 rtrulti
1240 3524 1266 3579 in
1284 3524 1387 3596 magnis
1401 3522 1562 3581 clamoribus
1579 3538 1631 3582 nen
1649 3524 1836 3583 exaudiuntur.
1851 3528 1899 3582 Al·

262 3622 399 3689 tenebris,
413 3619 486 3677 lsase
504 3620 532 3675 iu
551 3618 620 3673 luce.
633 3615 797 3687 Quicumque
810 3614 855 3671 irie
867 3615 947 3671 etiam
962 3615 989 3671 iu
1002 3616 1055 3673 Ec-
1107 3612 1219 3671 lectibus
1231 3629 1308 3671 orare
1319 3614 1456 3681 delrcmus,
1469 3628 1495 3671 ει
1506 3615 1607 3683 dicere,
1621 3616 1729 3673 llnltnm
1739 3620 1899 3693 peregrinata

260 3717 343 3773 etesia
357 3724 491 3773 terrenam
505 3711 657 3769 lelioitatetu
669 3718 819 3781 quaerunta
833 3708 906 3776 lieo,
921 3709 1010 3767 adime
1019 3708 1054 3767 sd
1106 3714 1142 3761 est
1156 3705 1241 3760 eninm
1256 3722 1311 3759 arce
1325 3720 1335 3759 r
1349 3722 1405 3761 cnm
1419 3706 1458 3759 lris
1471 3706 1515 3778 qni
1527 3707 1634 3763 oderem
1647 3723 1750 3779 pacem,
1765 3726 1833 3764 erem
1850 3728 1900 3780 pe*

260 3806 358 3865 ismael
371 3806 515 3877 pertinent.
529 3801 581 3875 lpsi
594 3809 658 3857 sunt
670 3799 715 3871 qui
729 3799 915 3857 contradicunt
927 3801 1054 3871 spiritua·
1106 3798 1203 3863 cincus.
1217 3797 1285 3867 Quid
1302 3798 1372 3853 enim
1387 3797 1458 3853 alind
1471 3797 1585 3857 dicimus
1599 3799 1657 3857 istis
1671 3798 1811 3869 irreriticis,
1826 3803 1898 3873 nisi,

258 3900 333 3959 lilius
345 3896 557 3971 proicientibus,
568 3903 596 3951 et
605 3892 751 3949 densium
762 3890 825 3959 illis,
836 3890 973 3949 ethalreut
983 3892 1054 3949 labia
1106 3890 1264 3963 cognoscite
1282 3905 1392 3962 pacem,
1408 3900 1496 3949 enrute
1509 3893 1621 3963 pacem?
1634 3892 1725 3951 lustus
1738 3910 1785 3951 res
1798 3892 1897 3953 dicitis.

259 3992 351 4064 iniens
370 3998 399 4047 ει
410 3989 514 4059 linguas
524 3986 662 4043 subdolas.
680 3983 781 4041 Contra
798 3997 867 4055 quos
881 3985 985 4055 rogarit
1002 3985 1054 4046 iste
1105 3984 1158 4041 Sed
1176 3983 1198 4040 si
1216 3984 1279 4055 iusti
1297 3985 1410 4050 essetis,
1431 3983 1500 4041 inter
1519 3985 1620 4057 paleam
1640 4000 1722 4056 gesna
1742 3990 1897 4057 gemeretis.

258 4082 425 4148 sscerrdens,
439 4089 468 4137 ει
485 4078 600 4149 apposni
617 4084 682 4133 snm
697 4076 723 4135 ei
736 4074 868 4133 carbones
879 4074 1052 4143 desolatorii,
1105 4074 1171 4131 liam
1182 4076 1243 4147 quia
1256 4090 1337 4147 grana
1348 4084 1409 4130 sunt
1421 4076 1446 4131 in
1459 4074 1604 4141 Catlmlira,
1616 4085 1644 4133 ει
1654 4092 1714 4132 reru
1725 4092 1806 4147 grana
1817 4088 1896 4150 sum;
1916 4084 1923 4093 “

256 4184 288 4231 ει
298 4175 401 4245 sagittae
414 4172 529 4243 potentis
539 4179 635 4225 acutis.
645 4167 718 4225 luter
727 4167 787 4224 illos
796 4166 867 4225 euim
879 4165 967 4223 adlruc
976 4167 1050 4235 ririt,
1105 4164 1166 4223 ideo
1182 4167 1294 4222 tolerant
1306 4166 1426 4237 paleam,
1440 4166 1526 4222 donee
1537 4168 1678 4223 rcrrtiletur
1690 4183 1768 4238 arem
1781 4170 1842 4241 quia
1855 4170 1898 4227 in·

259 4252 410 4322 deuectote
423 4276 486 4319 area
498 4261 641 4317 ventiletur
654 4278 661 4315 ι
675 4258 736 4317 ideo
747 4257 824 4323 ursit,
839 4256 984 4314 iniciitcci
994 4275 1053 4315 eum
1105 4266 1147 4314 ter
1167 4256 1268 4329 paleam
1289 4258 1423 4323 clnnrent,
1445 4256 1503 4311 llcu
1523 4274 1579 4325 nce,
1599 4258 1667 4329 qued
1685 4258 1809 4315 incultum
1825 4278 1899 4318 meus

258 4354 427 4411 teierrmculis
440 4352 533 4409 emer.
550 4350 616 4407 Nam
635 4358 668 4407 et·
678 4350 738 4418 ipsa
755 4347 924 4405 enemente
938 4348 1051 4416 ismael,
1104 4352 1255 4423 longinquus
1269 4350 1352 4421 {nctus
1371 4348 1425 4404 cst!
1437 4348 1574 4404 inlmiiteei
1592 4366 1650 4404 cunt
1666 4352 1834 4407 tabernuculis
1846 4352 1897 4409 Ge·

256 4450 345 4505 Gedar
356 4448 426 4503 dieta
439 4455 513 4501 sunt.
525 4442 659 4501 Sielmlret
668 4437 897 4507 libcheueseom
909 4441 948 4499 sie
960 4440 1050 4510 haim,
1104 4442 1160 4496 der.
1177 4438 1340 4511 inhabitavi,
1357 4440 1458 4511 inquit,
1472 4455 1533 4497 cum
1546 4440 1637 4510 paleis.
1650 4438 1702 4496 Sed
1715 4443 1849 4513 quemodo
1861 4444 1897 4501 de

257 4540 330 4614 quod
343 4540 430 4596 Cedm
442 4538 475 4593 ad
489 4536 585 4593 ismael
599 4532 714 4605 pertinet
727 4530 810 4603 (Gen.
826 4547 888 4597 nr,
904 4531 968 4604 te).
980 4532 1051 4603 Ergo
1103 4534 1179 4606 palea
1195 4534 1293 4591 multus
1307 4530 1394 4588 lumus
1408 4532 1472 4601 exit,
1486 4532 1525 4589 sie
1539 4533 1572 4590 de
1584 4534 1592 4565 ¹
1605 4530 1691 4589 Cedar
1705 4534 1831 4591 tenebre.
1849 4536 1896 4593 ln-

256 4636 332 4694 lsaae
342 4648 405 4691 oum
418 4631 527 4695 ismael,
539 4628 566 4685 id
577 4634 629 4695 est,
640 4627 685 4696 nui
696 4627 828 4698 pertinent
838 4625 872 4683 ad
884 4626 967 4695 lsaae,
982 4627 1051 4685 iuter
1103 4625 1214 4681 liciituci
1226 4640 1284 4679 cnm
1304 4622 1471 4680 tabernaculis
1488 4622 1571 4680 Cedet
1585 4640 1594 4681 :
1609 4626 1715 4680 incultum
1736 4628 1897 4698 peregrinere

255 4728 319 4785 illes
332 4728 435 4789 vicunt,
450 4723 496 4794 qui
510 4721 645 4792 pertinent
655 4719 691 4775 ad
704 4718 811 4773 ismael.
825 4718 871 4775 lsti
884 4734 990 4775 sursum
1004 4734 1051 4775 re·
1102 4725 1139 4772 cst
1157 4715 1243 4770 enirm
1263 4732 1327 4769 rnen.
1347 4712 1367 4769 F
1369 4725 1552 4771 rumentornm
1572 4729 1623 4771 rex
1642 4724 1701 4784 εει,
1717 4716 1786 4771 inter
1804 4718 1897 4789 paleas

253 4820 315 4875 lunt
335 4817 499 4882 escendere,
524 4809 562 4869 illi
583 4813 709 4868 decursum
730 4810 823 4867 volunt
843 4825 965 4881 premere
981 4828 989 4865 :
1006 4810 1049 4865 isti
1102 4810 1274 4881 gementium.
1290 4810 1351 4865 llaec
1369 4810 1503 4881 loquimur
1520 4811 1571 4867 illis
1589 4804 1765 4883 qni'cdcrunt
1779 4826 1893 4882 paccm;

253 4912 352 4968 uolunt
361 4912 452 4967 colere
464 4907 499 4963 ad
513 4907 609 4971 lieurm
618 4906 657 4962 illi
667 4913 797 4964 conantes
809 4917 911 4975 penrm
921 4902 1047 4959 evellere.
1101 4908 1129 4957 el
1141 4901 1262 4967 dicimus,
1277 4898 1339 4956 liunt
1350 4900 1388 4955 ln's
1397 4902 1440 4973 qui
1453 4901 1559 4956 ederunt
1571 4918 1668 4974 petent,
1681 4918 1750 4955 ccccm
1760 4902 1894 4973 pacificus.

253 5000 375 5073 Namque
387 4998 459 5070 apud
471 4996 628 5067 Apostolum
644 4988 679 5051 ita
692 4994 791 5051 dieitur
805 5012 813 5051 ι
829 4994 883 5051 Scri
894 4994 961 5050 deut
972 5004 1048 5058 tunc,
1101 4990 1152 5061 Qui
1164 5000 1227 5049 suut
1239 4992 1283 5063 qni
1297 4992 1411 5048 oderunt
1429 4990 1537 5062 pacensi
1550 4990 1600 5061 Qui
1615 4991 1792 5048 conscindunt
1806 4994 1896 5050 unita-

254 5093 298 5162 φοι
308 5092 447 5147 semndum
459 5104 562 5144 corucem
573 5098 649 5143 nutus
659 5094 723 5154 oret,
736 5086 995 5155 pertepmtetrresm
1005 5084 1050 5154 psi
1102 5094 1165 5141 tem.
1181 5082 1210 5141 st
1223 5085 1293 5141 enim
1309 5098 1399 5155 pacem
1415 5099 1467 5141 nou
1482 5084 1611 5153 odissent,
1625 5084 1652 5141 in
1665 5086 1765 5142 unitate
1778 5089 1895 5145 mansis-

255 5183 392 5238 sccrordam
404 5181 541 5253 spiritum:
556 5180 593 5234 ite
606 5187 632 5233 et
644 5192 721 5233 nnnc.
735 5176 892 5246 spirituales
908 5190 974 5246 ergo
988 5191 1050 5246 per·
1101 5186 1169 5232 scut.
1185 5176 1238 5233 Sed
1251 5176 1373 5231 videlicet
1385 5184 1523 5247 propterca
1536 5190 1565 5231 se
1578 5184 1778 5247 separaverunt,
1790 5186 1819 5231 ut
1829 5177 1895 5249 justi

255 5274 421 5329 cerimonem
445 5272 583 5341 patiuntur
602 5283 619 5324 a
637 5266 800 5324 cercinum.
821 5264 876 5323 sed
897 5265 962 5336 tpuid
983 5264 1049 5321 uicit
1101 5277 1248 5351 essent,ut
1262 5284 1314 5324 non
1330 5269 1459 5325 haberent
1477 5270 1577 5325 rnixtus
1595 5269 1715 5341 injustos.
1733 5270 1787 5325 Aut
1802 5280 1894 5325 nestra

254 5364 408 5435 Scriptum?
420 5364 493 5435 illice
504 5363 625 5418 nncittnn
636 5370 661 5419 rt
674 5362 757 5430 ᾐιὶιιει
767 5360 842 5433 einr
853 5373 904 5413 nen
916 5358 982 5413 murt
995 5357 1048 5413 ire·
1100 5368 1142 5415 est
1163 5360 1212 5415 ista
1231 5375 1299 5425 ror,
1315 5368 1360 5415 aut
1380 5356 1503 5429 illorum;
1519 5362 1587 5433 elige
1604 5364 1679 5433 eujus
1696 5362 1740 5419 sit.
1755 5362 1895 5419 Catlmlica

254 5474 295 5513 ses
306 5459 353 5512 crit
365 5457 433 5526 filies
444 5455 546 5510 cndllre
559 5472 616 5509 erm
623 5456 684 5525 filie
696 5470 751 5509 mee
764 5452 841 5509 lseec
851 5450 911 5524 (nt.
926 5467 981 5517 xvc,
994 5452 1045 5518 {53
1100 5450 1165 5505 dicit
1180 5450 1254 5505 :Non
1268 5459 1309 5506 cst
1323 5450 1479 5508 dimittenda
1493 5454 1590 5520 uiriles,
1602 5469 1654 5509 uon
1667 5462 1708 5509 εει
1724 5454 1896 5525 precidenda

253 5558 279 5606 ει
295 5564 351 5610 sss,
367 5549 396 5613 2,
410 5548 438 5613 5,
455 5546 505 5612 lti;
520 5546 606 5601 delet.
621 5560 660 5614 rr,
673 5545 778 5617 steti).
793 5544 847 5601 Sed
860 5545 912 5599 lme
924 5542 996 5614 guod
1006 5542 1047 5598 di·
1101 5541 1217 5598 Ecclesia
1229 5542 1285 5599 lici.
1297 5538 1429 5599 indicabit
1442 5542 1513 5599 Deus
1526 5544 1559 5600 de
1571 5544 1646 5600 malis
1658 5554 1687 5601 ει
1697 5544 1775 5599 benis
1787 5557 1895 5617 pestes.

255 5643 308 5710 cit,
325 5640 409 5712 spec,
425 5640 531 5710 quande
545 5639 613 5694 erit?
631 5640 742 5709 Quando
756 5654 818 5697 area
831 5637 944 5709 coepcrit
960 5635 1045 5695 renti·
1100 5634 1127 5693 si
1142 5648 1212 5689 nrnic
1226 5632 1288 5689 mali
1307 5648 1322 5689 a
1341 5634 1419 5691 buiriis
1437 5634 1555 5705 sepmrari
1574 5650 1627 5693 nen
1644 5646 1775 5708 possunt,
1792 5634 1898 5693 terendi

285 5756 296 5792 ¹
307 5754 393 5806 rium
398 5757 465 5815 His..
481 5752 610 5816 settim
1136 5749 1145 5781 ¹
1156 5746 1282 5809 carticula,
1294 5747 1334 5811 dt,
1344 5759 1392 5799 non
1405 5752 1443 5799 cst
1454 5750 1478 5799 iu
1487 5754 1539 5799 uss
