4084 6367
164 303 228 364 teti
715 288 914 352 uhtnhttto
933 286 965 344 ΙΝ
983 285 1142 344 rsottltltt
1163 285 1216 344 CL.
1237 359 1239 362 Ι
1727 284 1797 344 ggqu

163 415 279 481 uirtutis,
294 413 407 485 Spiritus
421 411 518 468 doneris
533 409 638 467 Domini
651 408 781 477 (leuitt,
795 409 823 469 2.
839 405 878 478 5).
893 403 951 477 lpse
1003 412 1156 457 aramentum
1181 402 1290 468 coeiuru,·
1308 409 1336 457 ιι
1352 413 1441 478 tttttas¹
1454 413 1515 457 etse
1533 413 1613 472 supet·
1642 399 1796 458 ornamen-

160 507 242 564 dehet
264 503 374 576 intelligi
395 507 475 563 timor
495 503 601 558 homiui
624 510 730 566 castos,
746 511 904 570 permaneus
924 495 951 550 io
1003 498 1059 545 tum
1075 489 1151 563 [Gen.
1167 505 1193 552 ι,
1207 491 1234 556 8,
1250 489 1288 566 η,
1303 489 1354 546 hoe
1368 497 1409 546 est
1422 504 1503 561 super
1515 491 1633 546 coelomt
1650 505 1702 546 nou
1716 505 1795 547 men·

162 595 290 653 seculum
312 597 403 651 saeculi
426 593 511 665 (Prot.
536 609 619 659 xviri,
633 592 689 661 tt).
713 590 841 646 Serrilem
862 597 951 644 antem
1003 581 1069 637 titur
1083 591 1169 638 tamen
1182 585 1274 637 cadem
1289 581 1424 653 Scriptura
1435 581 1541 646 dicens,
1556 581 1590 637 Et
1601 599 1795 655 oqrrreqmrru·

149 689 286 747 ,timmem
300 691 483 740 consummata
492 683 609 740 charitas
621 680 692 736 ieras
702 680 782 735 mittit
793 678 814 749 (Ι
824 678 902 732 loon.
913 693 951 743 tr,
1004 689 1050 744 per
1063 674 1138 728 ooeios
1152 683 1229 737 runt,
1244 671 1348 728 toomm
1361 689 1450 727 oooren
1464 671 1568 727 Domini
1577 671 1663 747 [Prot.
1675 689 1795 738 exuriit.

149 749 208 852 lid)
218 792 226 843 ;
238 785 269 832 et
280 790 330 832 nos
344 776 442 830 iiherns
455 774 535 840 troii,
551 788 586 828 ne
598 771 702 828 servilia
717 785 798 841 opera
813 769 951 833 iaciamus,
1004 766 1039 832 i,
1051 765 1093 839 5];
1115 766 1176 836 quia
1198 781 1249 821 nun
1271 765 1326 829 ait,
1341 781 1421 834 super
1432 764 1540 837 coelum)
1551 807 1559 833 ‚
1571 774 1598 821 ιι
1612 782 1664 822 una
1678 777 1748 822 terra
1762 783 1796 825 cx

149 867 223 938 ique
237 867 349 922 sahhato
362 864 546 935 prohihentur.
562 862 685 918 Charitas
698 871 786 916 autem
799 860 845 914 liei
858 858 952 914 diiiusa
1005 859 1095 914 multis
1110 859 1199 914 terris.
1216 858 1281 913 Nam
1298 866 1325 914 et
1340 857 1431 914 orhcm
1446 865 1543 925 ternu,
1559 869 1587 915 et
1600 861 1692 916 orhem
1712 869 1797 916 terra·

164 966 206 1014 est
224 958 250 1012 io
271 955 398 1012 cordibus
421 957 520 1011 nostris
540 969 588 1024 per
608 952 735 1023 Spiritum
754 960 892 1013 sanctum,
908 949 953 1020 qui
1005 965 1079 1016 rum,
1098 950 1250 1021 quotidiana
1271 951 1464 1006 cousuetudine
1487 950 1609 1006 dicimus.
1627 951 1659 1008 Et
1677 953 1722 1022 qni
1742 953 1796 1018 ait,

163 1049 242 1104 dattu
263 1057 304 1103 est
326 1047 403 1102 nohis
422 1044 512 1117 (liuor.
533 1059 562 1111 r,
578 1045 616 1114 5).
632 1043 699 1098 ilinc
715 1058 822 1113 quoque
839 1041 954 1111 Spiritus
1006 1042 1135 1102 Scriptum
1150 1053 1186 1098 est
1198 1044 1225 1097 io
1238 1043 1301 1097 h'hro
1317 1042 1494 1111 Prolatormrr,
1510 1060 1661 1115 quanquam
1685 1059 1744 1100 mos
1759 1046 1798 1099 lo-

164 1149 272 1195 sauctos
281 1138 431 1209 septenario
442 1151 552 1192 numero
564 1134 775 1191 eontrtrendetur.
787 1132 956 1203 QuInquage·
1006 1136 1106 1207 quettdi
1119 1135 1157 1191 sic
1170 1151 1200 1192 sc
1213 1135 1325 1202 habeat,
1340 1143 1368 1188 ιιι
1383 1151 1464 1190 unum
1478 1151 1538 1192 esse
1551 1136 1646 1191 lihruru
1662 1135 1798 1192 insinuare

13 1244 15 1275 t
122 1304 124 1307 Ι
164 1230 436 1287 nariumreroetiam
451 1227 705 1300 ioquadragintaet
720 1226 812 1282 decem
827 1223 955 1279 Dominus
1007 1225 1124 1280 noluisse
1144 1225 1282 1291 ridentum
1298 1234 1386 1282 tamen
1399 1227 1555 1298 responderi
1575 1226 1720 1298 potcst‚io
1734 1225 1798 1282 libro

161 1325 318 1395 dispertitus
330 1331 380 1379 est.
394 1322 442 1378 ilie
461 1323 558 1393 quippe
572 1318 774 1391 quadragesimo
787 1325 849 1389 post
863 1331 955 1372 resur·
1006 1313 1170 1370 Ponticorum
1183 1331 1243 1372 esso
1253 1316 1374 1382 dictum,
1390 1317 1417 1372 lo
1434 1317 1522 1388 aliquo
1534 1318 1603 1372 lihro
1616 1333 1707 1373 eorum
1725 1319 1800 1388 qoin-

164 1419 310 1475 rectionem
326 1429 401 1470 suam
414 1413 535 1468 ascendit
548 1412 575 1466 in
585 1412 699 1478 coelom,
713 1425 745 1464 ac
765 1407 862 1462 deinde
880 1421 955 1462 com·
1006 1419 1059 1476 que
1074 1422 1081 1458 ε
1096 1405 1166 1478 quod
1182 1407 1207 1460 iu
1221 1422 1270 1462 usu
1285 1407 1427 1462 locutionis
1441 1423 1526 1479 usque
1538 1410 1605 1464 adeo
1616 1407 1658 1463 rel
1674 1423 1726 1464 neu
1741 1421 1797 1478 ιιι,

163 1506 350 1575 pictisdichus
370 1504 463 1560 dccem
487 1504 560 1558 misit
581 1501 712 1572 Spiritum
732 1508 853 1556 sardum
868 1516 876 1552 z
890 1514 955 1568 qua·
1006 1498 1048 1551 rel
1064 1507 1198 1565 teroem,
1214 1498 1334 1554 utetiam
1350 1499 1489 1555 duodecim
1504 1499 1695 1573 Prophetarum
1715 1517 1798 1556 unum

164 1596 322 1668 dragenariu
332 1595 434 1651 scilicet
444 1608 555 1648 numero
566 1593 739 1662 temporalem
752 1591 778 1645 iu
791 1591 842 1645 ltoc
855 1588 956 1644 muodo
1007 1588 1105 1643 lihrnm
1117 1603 1177 1643 esse
1191 1589 1251 1644 ideo
1265 1589 1467 1659 persuadeatur,
1481 1591 1542 1662 qnia
1555 1592 1677 1660 similitor
1691 1593 1797 1664 legitur,

155 1686 387 1743 -rotrahtuttonem
405 1682 606 1739 commendans.
618 1681 748 1749 Qrtouiam
769 1679 955 1750 quaternarius
1007 1679 1081 1736 Sicut
1092 1682 1213 1751 scriptum
1227 1691 1264 1736 ert
1273 1683 1300 1736 io
1315 1681 1378 1736 libro
1388 1679 1575 1754 Prophetarum
1586 1681 1654 1755 (dot.
1670 1699 1726 1751 ru,
1741 1683 1798 1756 tt).

162 1777 193 1832 in
216 1775 390 1848 quadraginta
414 1789 539 1830 nuorerus
561 1773 701 1843 praeralet3
728 1781 842 1843 quatuor
865 1779 955 1827 autem
1007 1771 1076 1828 Sunt
1088 1772 1168 1828 etiam
1183 1773 1228 1844 qoi
1243 1775 1384 1828 universas
1398 1775 1507 1830 ontoino
1521 1775 1671 1845 Scripturas
1688 1779 1800 1834 canoni·

165 1877 256 1937 partes
269 1866 475 1924 hahetmundus
489 1876 613 1921 etaunus
626 1883 635 1920 a
650 1863 953 1930 deoariureroaddito‚
1006 1878 1054 1920 cas
1076 1879 1156 1918 uriom
1180 1863 1275 1920 lihrunt
1299 1875 1415 1932 nocent,
1440 1866 1511 1936 quod
1533 1866 1611 1922 raldo
1638 1867 1751 1923 tuirahili
1773 1877 1801 1924 et

163 1961 240 2018 uelut
255 1960 379 2017 mercede
391 1977 440 2031 pro
456 1960 564 2030 impieta
580 1960 638 2030 lege
656 1959 734 2014 hinnis
754 1959 880 2029 operihus
894 1955 956 2013 red·
1007 1954 1096 2010 divina
1116 1955 1217 2010 unitate
1234 1955 1397 2010 correordcut
1412 1973 1418 2010 :
1434 1965 1460 2011 et
1474 1957 1535 2012 hino
1554 1973 1613 2014 csse
1626 1958 1745 2023 dictum,
1766 1959 1799 2013 lo

162 2052 231 2117 dita,
243 2052 299 2122 ipsa
312 2054 446 2107 aeternitas
461 2052 598 2120 figurator.
614 2050 689 2105 llunc
699 2047 954 2120 quinquagenarium
1008 2045 1091 2117 cupite
1104 2045 1163 2100 iihri
1178 2045 1299 2114 seriptum
1313 2053 1349 2099 ιιι
1362 2047 1393 2099 de
1412 2062 1466 2112 ute,
1488 2055 1516 2099 ut
1535 2049 1629 2118 [aeirem
1646 2049 1801 2104 oolurrtoterte

162 2141 273 2211 triplum
291 2141 544 2197 habctccntcsimus
562 2150 589 2197 et
603 2141 838 2213 quinquagesimus
858 2155 954 2194 nume·
1008 2145 1095 2202 tuom;
1113 2145 1144 2191 ιιι
1167 2135 1206 2192 sie
1229 2136 1392 2207 intelligatur
1414 2152 1461 2205 per
1482 2136 1577 2192 Filium
1599 2138 1680 2193 l’atm
1704 2138 1804 2198 iecisse

165 2246 231 2296 rus,
247 2241 371 2302 tanquam
388 2245 449 2287 eum
470 2229 684 2300 multiplicaverit
702 2229 817 2284 trinitas.
832 2227 910 2285 Unde
927 2239 957 2284 et
1008 2226 1155 2292 mondum,
1178 2228 1255 2296 cuius
1276 2227 1394 2282 conditio
1415 2227 1574 2298 principium
1602 2228 1799 2298 scripturarum

162 2320 216 2377 hac
227 2335 306 2376 causa
322 2335 376 2376 ooo
389 2322 607 2377 inconvenienter
620 2320 792 2392 intelligimus
805 2320 885 2376 istum
903 2335 955 2375 nu·
1007 2323 1050 2371 est
1066 2317 1091 2371 in
1108 2315 1176 2371 lihro
1186 2315 1332 2372 Geneseos.
1349 2316 1397 2371 Vol
1412 2317 1496 2387 magis
1518 2319 1578 2389 quia
1603 2321 1742 2390 prophetin
1760 2322 1802 2376 ri-

160 2425 267 2477 trterum
280 2425 340 2466 esse
360 2412 538 2467 Psalmorttm.
551 2409 617 2466 liam
633 2420 662 2467 et
682 2412 708 2466 iu
731 2411 777 2467 illo
790 2426 902 2466 numero
917 2411 956 2482 pi·
1008 2408 1087 2464 detur
1100 2423 1173 2476 esse,
1189 2425 1241 2464 ntro
1267 2409 1334 2464 iacta
1358 2424 1468 2465 narrans
1480 2451 1488 2477 ,
1502 2410 1548 2465 sed
1571 2410 1658 2468 iutura
1680 2427 1801 2483 proruun-

162 2501 250 2556 scium
275 2501 321 2572 qul
345 2503 415 2572 eapti
440 2510 503 2557 sunt
526 2503 627 2558 retihus
651 2510 712 2572 post
730 2503 955 2558 resurrectionem
1008 2500 1078 2555 tinus
1093 2499 1156 2570 (oon
1168 2498 1239 2554 enim
1258 2501 1312 2563 ait,
1331 2500 1402 2570 quod
1419 2499 1547 2566 lecerim;
1571 2501 1635 2568 sed,
1648 2513 1675 2556 ut
1688 2501 1799 2573 focium,

84 2661 90 2670 .
162 2595 272 2662 missis,
287 2593 321 2650 ad
335 2604 442 2651 centum
455 2596 643 2666 quinquaginta
657 2593 754 2650 additis
768 2594 852 2650 trihus
864 2593 954 2664 (douo.
1008 2593 1081 2656 sire,
1097 2601 1124 2646 ut
1138 2596 1246 2664 [omrem
1258 2593 1411 2647 uoluntatem
1424 2593 1521 2662 tuom);
1533 2593 1568 2648 ad
1581 2593 1644 2649 iilud
1657 2593 1717 2650 llaec
1736 2609 1801 2652 een·

162 2703 213 2745 m
225 2730 233 2758 ‚
245 2689 301 2761 tt),
315 2689 548 2746 vqpqodmmrtqo
560 2689 664 2744 viderim
674 2688 762 2757 prora,
779 2690 804 2742 in
815 2699 880 2758 qum
892 2703 956 2757 pqr.
1008 2684 1091 2739 tentia
1105 2681 1243 2739 reserenda
1257 2692 1308 2748 est,
1322 2684 1391 2754 quod
1406 2685 1431 2738 io
1448 2685 1540 2755 primis
1551 2685 1671 2756 partibus
1680 2686 1801 2756 ejusdem

161 2791 207 2838 tes
227 2782 324 2838 debeat
347 2783 399 2837 istc
424 2795 551 2837 numerus
573 2780 707 2851 dispertiri
719 2787 778 2845 „ut
800 2788 841 2834 ter
857 2777 955 2834 hahent
1007 2774 1068 2830 iihrl
1084 2775 1210 2844 scriptum
1230 2784 1288 2842 est,
1302 2773 1385 2830 Erunt
1403 2775 1454 2830 dito
1467 2777 1494 2830 io
1510 2793 1586 2832 eume
1600 2793 1651 2832 unu
1664 2776 1739 2849 (Gen.
1762 2795 1800 2844 ιι,

165 2873 372 2944 quinquagenos.
387 2872 544 2942 eranquam
565 2871 610 2926 ille
629 2883 756 2925 uumerus
776 2868 887 2940 piscium
907 2867 955 2924 lra-
1006 2864 1065 2938 st).
1079 2864 1153 2933 Quod
1173 2875 1368 2922 sacramentum
1379 2881 1502 2937 maguum
1521 2866 1586 2923 dicit
1599 2869 1757 2939 Apostolus,
1774 2869 1801 2926 io

161 2962 226 3020 hert
244 2971 271 3020 et
291 2963 370 3019 aliam
392 2965 523 3018 rationem
543 2961 628 3017 multo
642 2958 809 3015 subtiliorem
822 2957 954 3026 ctjucon-
1007 2957 1154 3012 Christoet
1167 2956 1193 3011 in
1207 2957 1325 3012 Ecclesia
1341 2955 1449 3030 (Epiros.
1464 2973 1492 3023 rr,
1506 2959 1551 3024 sl,
1566 2956 1622 3034 di).
1641 2959 1801 3031 eranquam

160 3054 287 3119 dionem,
301 3051 372 3125 quod
385 3051 478 3108 docem
492 3059 520 3106 ιι
531 3061 633 3120 septem
654 3052 680 3103 iu
701 3049 833 3118 trigonum
848 3047 954 3112 missis,
1008 3059 1036 3104 et
1055 3049 1104 3103 iste
1118 3047 1284 3105 Psalmurum
1297 3048 1364 3105 liber
1378 3057 1465 3118 potest
1485 3050 1595 3122 intelligi
1613 3051 1799 3122 significatus,

162 3143 193 3200 id
205 3153 264 3211 est,
279 3142 314 3200 ab
328 3157 381 3197 uuo
402 3156 488 3213 usque
501 3140 535 3195 ad
552 3140 646 3196 decem
660 3146 688 3194 ct
707 3146 810 3208 septem
831 3137 956 3192 omnihus
1009 3139 1054 3194 uhi
1066 3137 1165 3195 dictum
1180 3148 1240 3207 est,
1257 3138 1290 3194 lu
1303 3141 1386 3212 cupite
1396 3141 1455 3194 h'hri
1468 3141 1590 3212 seriptum
1602 3151 1640 3196 est
1654 3143 1688 3198 de
1702 3159 1759 3211 itte,
1773 3153 1802 3200 ut

164 3234 344 3305 computatis,
369 3230 403 3287 ad
427 3230 549 3286 eumdem
573 3244 713 3285 numerum
736 3226 900 3298 pervenitur.
926 3224 956 3282 ln
1009 3229 1102 3300 pociora
1122 3229 1277 3284 uoluntatem
1295 3230 1616 3301 trtontescquitureuim,
1629 3230 1699 3288 Dect
1713 3251 1801 3303 menn,

166 3327 259 3383 decern
269 3334 357 3380 atatem
368 3323 435 3391 Lex,
446 3323 473 3377 io
486 3330 588 3392 septem
600 3336 664 3377 reru
674 3307 764 3376 Gratia
774 3318 955 3390 significarim
1008 3319 1094 3385 colui,
1117 3327 1141 3373 et
1162 3318 1242 3392 legem
1265 3327 1334 3374 tuom
1356 3321 1383 3375 in
1406 3319 1489 3376 medio
1511 3322 1595 3377 cordio
1617 3323 1677 3380 mei.
1690 3323 1811 3396 lleipso·

166 3417 228 3490 quia
239 3415 339 3487 Legem
358 3429 413 3472 non
427 3414 538 3485 implet,
552 3412 603 3467 nisi
614 3411 729 3467 charitas
743 3409 838 3466 diliusa
851 3410 879 3464 in
893 3425 956 3465 cor-
998 3407 1107 3482 'quippc
1117 3413 1245 3483 accipitur
1254 3410 1461 3484 prophetatusiu
1471 3414 1557 3484 capite
1571 3412 1631 3470 iihri
1642 3413 1720 3485 liujus
1733 3417 1803 3486 psal·

165 3507 244 3564 dibus
266 3505 365 3560 nostris
378 3519 427 3576 pcr
440 3502 568 3574 Spiritum
587 3509 726 3569 mactum,
741 3500 787 3572 qoi
803 3501 958 3572 septenario
1010 3519 1069 3558 ntus
1084 3504 1141 3574 ipsc
1154 3503 1270 3575 primus,
1285 3503 1379 3560 Beutur
1392 3505 1485 3578 uirqui
1501 3523 1553 3562 noo
1574 3507 1636 3562 ohiit
1651 3507 1678 3562 io
1694 3511 1800 3565 oonsilio
1875 3568 1878 3576 ,

166 3591 280 3653 numero
291 3595 463 3666 significatur.
1009 3589 1165 3664 impioram,
1179 3606 1202 3652 et
1214 3595 1462 3668 iooiupecootorum
1474 3598 1621 3664 constetit,
1636 3609 1659 3655 et
1672 3601 1699 3656 to
1711 3606 1798 3658 catire-

198 3690 230 3746 ι.
246 3689 320 3758 Quod
333 3703 397 3758 ergo
412 3687 520 3757 quidam
533 3685 544 3718 ¹
559 3684 678 3740 ominium
696 3682 864 3738 psalmorum
877 3681 956 3752 quitt-
1009 3685 1058 3740 dro
1072 3687 1267 3756 pestilentiorem
1282 3704 1332 3742 oon
1345 3687 1480 3743 seditrsed
1491 3688 1517 3743 io
1527 3688 1582 3764 lopo
1594 3687 1697 3744 moretm
1708 3693 1799 3746 ooiuo-

167 3797 220 3852 que
237 3781 321 3837 libros
339 3793 399 3834 esse
412 3776 601 3843 crediderunt,
618 3774 683 3830 illud
695 3775 778 3829 secuti
793 3781 873 3841 suot,
887 3789 957 3846 quo·
1010 3784 1049 3831 tus
1064 3778 1133 3847 ejus,
1148 3787 1171 3831 ιι
1184 3779 1212 3832 io
1224 3777 1278 3850 tege
1289 3779 1345 3848 ep'ue
1357 3777 1519 3833 oreditoh‘ter
1536 3778 1577 3834 die
1589 3795 1620 3834 oo
1632 3781 1799 3856 nocte(Pooi.

166 3873 219 3928 ties
232 3873 259 3928 io
273 3872 325 3926 ilne
336 3868 431 3941 psalmi
445 3867 545 3922 dictum
555 3865 651 3932 luerit,
665 3863 726 3919 Fiot
737 3906 744 3929 ,
756 3865 895 3937 liutffroi.
907 3881 956 3933 ιι,
1010 3881 1039 3934 ι,
1054 3867 1081 3933 l,
1094 3867 1125 3938 ι)
1137 3885 1144 3922 :
1156 3878 1185 3923 ut
1198 3869 1248 3923 hoc
1262 3869 1297 3923 sit
1309 3868 1381 3940 quod
1393 3869 1493 3925 dictum
1504 3879 1561 3936 est,
1575 3867 1645 3928 Dese
1657 3889 1740 3947 meur,
1753 3891 1801 3930 oo.

168 3979 249 4029 tut,
263 3975 408 4026 mxrur,
423 3966 447 4013 ιι
460 3955 518 4030 cv).
533 3956 586 4012 Sed
601 3955 680 4027 hujus
697 3957 889 4028 dispertitionis
912 3973 957 4013 ra·
1010 3960 1064 4026 tati,
1075 3969 1099 4014 et
1112 3961 1191 4032 legem
1211 3969 1280 4032 trrom
1294 3961 1321 4016 io
1332 3961 1414 4016 medio
1430 3961 1514 4017 cordis
1534 3963 1593 4017 orei.
1612 3961 1688 4032 Quod
1709 3976 1799 4024 autom

167 4055 269 4110 tionem
282 4067 344 4107 curo
362 4050 458 4106 veliem
470 4047 715 4118 comprehendere,
729 4063 782 4102 non
795 4048 882 4104 raim:
896 4050 956 4119 quia
999 4051 1140 4121 seqnitur,
1155 4049 1333 4122 Euangeiirooi
1346 4050 1473 4123 justitium
1487 4064 1556 4106 torm
1570 4053 1598 4107 ιιι
1613 4051 1727 4112 Ecclesia
1743 4074 1801 4112 roo.

167 4164 220 4205 troc
233 4148 299 4218 iptae
315 4145 432 4217 quinque
447 4151 536 4213 partes
553 4141 670 4214 aequales
681 4147 746 4197 suot
762 4140 833 4198 inter
844 4155 889 4209 se,
907 4143 958 4198 etsi
1009 4159 1060 4215 gno
1076 4140 1163 4214 (Paul.
1187 4157 1293 4207 xxxix,
1308 4140 1404 4214 tihi:
1418 4143 1607 4214 congruentius
1626 4145 1660 4201 ad
1673 4144 1738 4202 iliud
1757 4165 1801 4206 re-

157 4232 223 4298 'non
243 4237 384 4308 scriptume
402 4233 564 4306 quantitate,
588 4233 684 4288 saltem
706 4232 871 4288 Psalmorum
899 4233 957 4304 ipso
995 4233 1104 4299 'lertur‚
1121 4233 1155 4288 lit
1169 4243 1243 4289 erunt
1256 4233 1307 4289 duo
1318 4235 1345 4289 iu
1358 4249 1503 4289 corneum.

160 4325 291 4395 numero,
306 4336 336 4384 ut
356 4327 477 4384 tricenos
498 4323 638 4380 haberent.
652 4323 687 4380 Et
706 4324 730 4380 si
751 4323 959 4398 uniuscujusque
1005 4323 1008 4327 ’
1046 4324 1434 4402 5.Sireergoiiiud‚tirelroc
1448 4327 1798 4401 toteltgsrorquodrltmom

168 4422 230 4478 lihrt
244 4419 306 4475 dois
316 4428 370 4475 est.
386 4415 461 4482 Fiet,
475 4416 538 4486 pon
551 4430 600 4471 cur
616 4415 684 4472 liher
707 4415 817 4486 quimus
835 4414 959 4486 idemque
1010 4425 1070 4485 ιιι,
1083 4414 1117 4472 lo
1129 4417 1210 4488 rophe
1220 4417 1278 4472 libri
1287 4431 1298 4483 ,·
1311 4417 1380 4474 liber
1393 4418 1442 4475 iste
1459 4417 1625 4476 Psalmorum
1647 4437 1697 4493 per
1720 4428 1801 4496 quin-

157 4501 343 4568 ¹ultimusnon
356 4505 515 4564 eudemiine
530 4504 751 4570 sittermioatos,
764 4504 959 4588 meritoquteri
996 4497 1160 4582 'quagcnos,
1188 4508 1211 4564 si
1237 4523 1286 4580 per
1309 4509 1381 4579 ipsos
1405 4510 1647 4582 quinquagenarius
1672 4515 1802 4572 articulos

168 4612 268 4677 potest.
277 4601 332 4658 Nos
345 4608 432 4656 autem
452 4599 597 4671 Scriptorte
618 4597 753 4655 cononica
772 4597 957 4652 auctoritatem
1010 4599 1199 4672 interrogetur,
1214 4615 1339 4682 tnagrrum
1352 4599 1451 4672 aliquid
1480 4610 1507 4657 et
1519 4601 1596 4658 ualde
1610 4603 1720 4676 dignum
1734 4621 1799 4662 ιοιι-

169 4701 328 4766 sequentes,
353 4690 398 4745 uhi
420 4689 531 4760 legitor,
552 4687 684 4757 Scriptum
701 4697 739 4742 ιιι
757 4688 824 4741 erim
847 4688 874 4741 io
894 4687 959 4742 iihro
1011 4693 1174 4752 sideratiooe
1187 4694 1341 4764 respondet.
1352 4693 1410 4749 lion
1423 4695 1495 4750 enim
1508 4694 1605 4751 irustra
1617 4696 1682 4752 milri
1695 4695 1801 4755 ridetur

169 4787 333 4844 Psoiororum
350 4782 420 4857 (dot.
440 4797 467 4847 t,
485 4780 550 4849 Ξθις
566 4794 647 4834 unum
670 4778 836 4835 Psalmorum
861 4777 958 4834 librum
1010 4783 1246 4856 quinquagesimus
1264 4799 1324 4839 esse
1342 4783 1377 4840 de
1398 4785 1745 4854 poeniteotia‚centesimus
1765 4789 1800 4844 dc

168 4893 229 4935 csse
242 4877 377 4933 norimus.
392 4873 426 4928 lit
438 4871 516 4927 rideo
533 4868 638 4942 quidem
650 4869 785 4940 quomodo
798 4877 825 4924 et
843 4868 895 4924 hoc
911 4885 960 4925 rc·
996 4876 998 4880 ’
1011 4873 1196 4929 misericordia
1211 4884 1238 4928 ιι
1248 4875 1366 4945 iudicio,
1379 4875 1543 4931 centesimus
1561 4877 1798 4948 quinquagesimus

169 4984 228 5026 rum
250 4967 302 5031 sit,
317 4974 345 5022 et
358 4962 423 5019 ittod
435 4963 564 5019 sinerum
580 4969 638 5025 est,
650 4960 713 5016 huic
731 4975 796 5016 roro
818 4975 871 5015 uon
889 4961 960 5016 relu·
1011 4962 1046 5019 de
1059 4949 1232 5020 ltudelleiin
1245 4967 1345 5021 sanctis
1358 4965 1426 5036 ejus.
1450 4965 1495 5022 Sic
1523 4967 1593 5023 euim
1615 4963 1650 5024 ad
1672 4979 1800 5028 eternam

169 5068 266 5117 otetur.
281 5057 352 5113 Fieri
371 5056 443 5112 enim
456 5064 544 5126 potest
557 5061 586 5107 ut
605 5051 693 5123 aliqua
706 5051 897 5107 consuetudine
916 5051 960 5107 iit·
1010 5053 1169 5125 beatamque
1181 5056 1316 5112 tendimus
1327 5057 1426 5123 ritem,
1442 5057 1564 5128 primitus
1579 5069 1686 5130 peccata
1708 5075 1799 5122 nostra

169 5161 288 5209 terarum
302 5147 471 5206 hebraearum
482 5160 554 5201 uuus
575 5142 645 5200 liher
663 5143 780 5208 dicatur,
796 5143 840 5212 qui
855 5153 959 5200 constat
1011 5144 1181 5215 damnando,
1196 5146 1292 5204 deinde
1302 5148 1371 5203 hene
1383 5147 1517 5218 uiuendo,
1529 5158 1558 5205 ut
1570 5153 1801 5221 postcondemna·

169 5257 204 5298 ex
212 5239 350 5315 pluribus3
369 5238 439 5293 sicut
452 5251 486 5292 ex
500 5233 629 5291 Ecclesiis
643 5233 764 5304 pluribus
783 5247 836 5287 una
855 5241 961 5288 coastat
1012 5245 1066 5293 tam
1079 5239 1159 5297 ritem
1175 5240 1271 5295 malam
1280 5245 1435 5312 gestamque
1447 5240 1712 5309 honam,mereantur
1723 5254 1802 5300 eter-

170 5332 302 5396 Eoelesia.
322 5337 351 5386 ei
373 5327 546 5398 expluribus
566 5325 642 5382 coelis
665 5339 746 5380 unum
767 5325 864 5381 eutium
880 5323 958 5395 (Non
1011 5345 1086 5386 uam.
1098 5329 1250 5387 Secundum
1263 5332 1428 5403 propositum
1443 5331 1514 5388 enim
1530 5333 1801 5404 omulthsimaejmtt-

171 5424 244 5494 enim
257 5422 386 5480 coelorum
400 5418 507 5488 aliquod
529 5417 699 5488 pretermisit
715 5417 760 5486 qui
782 5414 865 5483 dixit,
879 5415 961 5471 Μ’·
1013 5425 1056 5478 tion
1068 5423 1243 5494 bonitatisque
1256 5437 1312 5478 sure
1326 5423 1407 5490 licus,
1418 5440 1481 5496 quor
1493 5424 1688 5495 predestinavit,
1706 5425 1764 5482 iiior
1777 5437 1802 5484 ιι

172 5517 236 5572 it'ttttt
244 5529 325 5570 rocem
337 5529 354 5567 u
365 5511 483 5575 thttitw.
496 5509 539 5573 qui
550 5509 609 5580 [αὔ
622 5509 712 5563 mlum
729 5517 753 5563 0¹
771 5516 864 5562 ‘mam
873 5505 958 5580 [Pud-
1012 5517 1108 5574 notarit
1117 5532 1127 5582 ,·
1137 5525 1160 5572 ιι
1169 5532 1232 5588 quor
1241 5517 1351 5582 monuit,
1361 5518 1430 5585 ipsos
1438 5525 1462 5574 ot
1468 5516 1637 5589 justificanda
1647 5531 1801 5588 quotuutent

171 5624 241 5674 cn,
255 5606 295 5680 ἢ·
306 5606 341 5660 El
353 5619 414 5660 ⁰⁰¹¹!
427 5604 563 5673 scripum
579 5601 666 5668 (iiiii.
682 5601 714 5655 Ei
725 5602 820 5658 timii
834 5599 902 5657 Dm
915 5602 960 5672 fit·
1013 5607 1169 5676 iustificarit,
1192 5608 1261 5677 ipset
1273 5618 1296 5664 ιι
1312 5608 1462 5682 glorificavit
1485 5607 1573 5679 (liom.
1589 5624 1644 5677 riu,
1658 5609 1716 5682 th).
1732 5611 1798 5668 Prm·

206 5712 714 5783 rqggpoepg20wapraemmmm
1016 5699 1160 5756 destinatio
1184 5708 1273 5756 nostra
1301 5714 1354 5754 nun
1375 5699 1401 5753 in
1430 5699 1506 5754 nohis
1526 5699 1596 5755 iacta
1626 5711 1684 5767 est,
1706 5703 1753 5758 scd
1775 5703 1803 5766 in

280 5801 394 5864 Senem
409 5798 548 5861 huunsr.
570 5797 624 5859 tv.
1299 5833 1302 5840 ·
1380 5794 1690 5872 ,daimonte-ocum.)
