4084 6367
143 270 206 327 tosa
667 258 864 322 unianimo
884 256 916 315 m
936 254 1096 339 asianum
1114 260 1248 335 anast.
1677 254 1766 334 ‘nene

139 382 354 443 eermmltoutine
364 375 927 453 promittente?sanaberis‚dieitmedieus;
983 390 1063 446 quiana
1078 378 1244 451 peregrinus.
1263 376 1356 447 ειμι),
1368 376 1439 435 ,pgr
1454 394 1461 433 :
1475 376 1707 450 5000512„39m„32
1727 393 1773 434 50,

140 475 280 541 sanaberis,
295 473 318 530 si
331 486 452 529 mouera.
463 465 587 525 Elliome
599 466 673 533 dicit,
688 472 716 521 ει
726 463 828 523 homini
843 463 907 521 dicit
920 480 929 533 ;
982 468 1121 539 ductoria,
1142 472 1268 530 twedam
1286 472 1465 529 ghnggmem
1489 472 1573 541 fals-33
1593 472 1720 541 medam
1737 488 1775 539 'ea

141 583 184 625 nec
196 566 243 639 qul
258 564 324 621 dicit
337 572 426 621 certus
442 562 561 625 estnec
573 559 618 631 qul
631 554 714 625 audit,
728 558 789 631 quia
803 554 849 611 ille
865 552 931 611 dicit
982 574 1042 631 qun
1056 562 1134 619 nobis
1145 562 1373 636 quoddiedicunt‚
1385 562 1436 620 unt
1449 573 1493 621 ost
1506 564 1575 621 Deus
1589 562 1670 631 lausi
1681 564 1775 621 Edun-

142 656 247 727 ltomini,
263 656 309 729 qul
325 670 378 712 non
393 654 455 710 lecit
469 650 615 717 hominem,
630 656 658 705 et
677 662 730 702 tion
750 646 867 717 perlecte
880 645 930 701 scit
982 652 1078 709 damus
1089 667 1170 725 super
1180 669 1230 711 ,ως
1240 655 1355 723 „gnum
1367 663 1497 723 noem·
1507 655 1682 724 mmmm
1692 655 1720 711 5„
1734 656 1776 711 'a‘

142 751 197 827 ll'ffl
210 757 307 820 agatur
320 748 347 802 5¹¹
367 744 475 801 ¹³⁰ss¹i⁰⁰
490 750 536 799 ²⁰²
549 751 637 797 tumen
657 737 690 817 id
711 738 790 794 101111
815 735 931 792 1111111111
983 744 1094 815 erynnis,
1106 760 1243 815 gemamus
1254 744 1280 807 lu
1291 747 1514 817 cotalessionilrus,
1527 748 1678 815 itatatiagriis
1687 748 1776 819 suspi-

142 845 196 917 plas
216 840 362 899 nescientis
380 834 443 909 quaid
458 834 551 908 agatur
570 833 596 889 in
611 831 718 889 ltomine
732 828 818 887 eredit
838 826 930 896 ltnmn,
984 848 1075 913 remus
1089 832 1175 903 (Paul.
1189 851 1251 903 att,
1274 836 1304 892 ll
1319 838 1378 905 „lg
1389 838 1429 912 5).
1449 838 1581 911 Quidquid
1601 839 1684 912 uobis,
1698 823 1778 905 adest

142 934 225 991 subdit
237 930 370 999 membra,
381 926 456 1001 ligari
467 942 496 983 se
507 926 615 999 patitur,
632 932 676 981 ant
687 924 842 997 plerumque
852 920 931 976 etiam
985 925 1174 1001 protesilaum
1187 937 1317 997 suestram,
1330 918 1382 985 oon
1392 938 1435 996 est
1443 931 1522 988 dulce
1533 950 1543 997 :,
1553 932 1676 997 nolumus
1685 932 1776 998 omnnia

142 1042 189 1083 non
204 1026 303 1097 ligatus
313 1031 418 1080 aeeamr
431 1019 583 1084 sutorium
597 1027 625 1074 et
638 1017 731 1086 accipit
742 1014 809 1070 lou-te
819 1014 931 1069 saltitem

985 1028 1044 1087 quun
1057 1014 1147 1085 dedit,
1166 1017 1189 1073 si
1208 1032 1262 1073 oon
1277 1017 1322 1073 dat
1336 1021 1451 1091 seipsum
1466 1022 1511 1093 qai
1525 1022 1615 1080 «mata
1627 1022 1711 1082 dedii.
1724 1024 1777 1083 Αε-

142 1130 284 1191 punicorum
310 1114 430 1181 dierum,
457 1112 512 1184 jam
536 1118 645 1165 sanatus
673 1106 779 1179 quando
805 1106 934 1161 puniatur
984 1106 1152 1180 rilasinppe.
1166 1106 1290 1183 Bariana,
1308 1111 1447 1165 orationem
1461 1128 1556 1183 marn,
1573 1110 1710 1169 ειιειῖεεειε
1723 1114 1779 1183 uoci

144 1208 282 1281 igttorans;
299 1212 327 1261 et
339 1204 462 1269 fortasse,
477 1199 539 1258 duam
553 1209 672 1267 curatur,
689 1196 815 1261 moritum
831 1204 859 1252 ει
880 1196 931 1251 lor·

143 1313 209 1357 tasse
222 1298 310 1357 aaran
321 1312 373 1353 non
387 1296 495 1369 poterit.
510 1293 557 1350 Cui
571 1302 658 1349 autem
674 1290 795 1365 promisit
804 1290 872 1347 Deus
885 1288 934 1347 ali·

143 1394 212 1466 guid,
224 1401 253 1447 et
267 1384 380 1448 lelellit?

175 1484 220 1541 aa.
242 1482 318 1558 [ress.
337 1480 381 1555 6.]
408 1478 517 1535 laniena
537 1478 623 1551 infige,
651 1476 767 1541 Donatius.
794 1472 934 1531 arationem

143 1587 231 1631 nteam.
243 1574 354 1645 linguans
366 1570 467 1629 amatis
479 1568 599 1625 alenus.
614 1568 723 1622 Aarilas
740 1566 827 1639 infige,
841 1564 933 1619 Danti-

143 1680 182 1732 ne‚
196 1666 337 1719 orationem
346 1676 427 1717 ineam
441 1676 452 1717 .·
466 1660 492 1715 id
503 1666 553 1722 ent,
567 1674 620 1715 non
634 1656 754 1714 ereatdo
767 1656 875 1711 aurilms
884 1656 936 1711 tntis

144 1753 227 1811 oratio
249 1767 320 1821 ειιεε,
335 1752 385 1824 lage
407 1750 479 1807 illam
493 1748 529 1806 ibi
549 1750 576 1805 ia
591 1748 699 1804 aurilms
714 1747 776 1804 tuis.
796 1746 936 1818 Quomodo

143 1846 294 1919 parturivit,
311 1855 340 1909 ut
353 1846 445 1917 ligeret
455 1844 603 1923 orationem
623 1856 698 1899 snam
709 1840 735 1895 in
746 1840 853 1896 auribus
867 1838 936 1897 lioil

144 1938 311 2010 Respondent
324 1938 403 2003 Deus,
416 1944 443 1993 et
453 1934 524 1991 dieat
537 1933 629 1990 nobis:
641 1934 688 1990 iis
701 1932 777 2005 ligam
787 1932 936 1990 orationem

144 2042 213 2085 tuam
227 2030 254 2085 in
269 2028 378 2084 uambae
388 2024 476 2083 mels?
487 2024 551 2099 lage
564 2025 590 2080 in
600 2024 681 2081 eorde
690 2034 734 2078 tm·
743 2024 827 2095 legem
837 2037 935 2077 meam.

142 2120 251 2175 luminu
263 2118 351 2190 infige,
375 2116 494 2185 maana,
519 2116 657 2172 orationem
672 2130 753 2171 niteam
759 2130 770 2181 ‚·
789 2124 813 2171 et
835 2114 937 2169 intetade

143 2210 410 2267 amiorationisrneoe.
434 2217 438 2227 ·

178 2304 223 2358 Η.
237 2301 314 2376 [reas
326 2300 366 2375 7.]
382 2300 414 2357 ln
424 2300 466 2357 die
479 2300 648 2356 tribulationis
660 2316 721 2355 mela
734 2300 841 2355 clarnaui
855 2298 889 2355 nd
901 2309 936 2368 ιε,

143 2395 261 2465 aeonium
284 2393 412 2449 mandisti
433 2409 481 2448 me.
499 2392 585 2449 Carasa
604 2400 634 2447 nt
647 2390 788 2447 exaudires
801 2406 855 2461 me,
875 2391 936 2463 quia

143 2490 168 2541 ia
181 2486 225 2543 dle
238 2484 409 2543 nidulutioraia
419 2496 481 2540 meae
492 2484 599 2540 clamati
611 2482 646 2538 ad
657 2494 689 2539 ιε.
705 2484 785 2539 Patala
795 2494 857 2539 anm
866 2484 939 2540 dixe-

143 2588 183 2634 rat
196 2594 206 2633 ι
220 2576 288 2634 Tale
299 2578 341 2635 die
354 2578 471 2647 clamari,
486 2586 539 2633 tola
552 2577 595 2632 die.
609 2576 749 2633 trilmlatns
761 2592 830 2631 suta.
846 2574 938 2633 Nullus

143 2682 207 2741 ergo
221 2668 382 2726 eitrlatianus
396 2669 467 2726 disat
477 2683 536 2725 esse
547 2668 617 2723 diem
631 2666 657 2722 in
672 2682 724 2739 qun
737 2685 790 2724 non
805 2669 838 2723 sit
853 2669 937 2724 triba-

143 2761 223 2817 ama.
235 2760 331 2818 'rotam
343 2761 425 2826 diem,
440 2768 524 2817 totam
539 2770 645 2831 tempus
666 2758 844 2814 intelleximus
860 2776 866 2813 ε
883 2767 938 2815 tota

143 2854 186 2911 die
199 2852 353 2911 meatuum.
376 2852 444 2922 Quid
458 2868 541 2923 ergo,
564 2850 697 2907 tribulatio
719 2858 760 2907 est
780 2858 808 2906 et
830 2850 937 2921 quande

143 2944 211 3002 beas
232 2944 294 3002 esti
314 2942 412 3017 Utique
434 2942 577 2999 tribulatio.
599 2940 675 2999 Unda
693 2937 851 2997 tribulatio?
870 2940 936 3011 Quia

142 3038 268 3110 qmntdiu
289 3038 317 3093 io
330 3052 443 3109 carpum
457 3050 568 3103 sitinus,
584 3034 783 3105 peregrinamur
796 3048 811 3087 a
825 3032 938 3087 [lumino

144 3128 175 3202 (ll
186 3126 249 3184 Gor.
263 3143 292 3196 u,
304 3125 344 3201 d).
361 3125 503 3195 Quodlilnat
517 3122 560 3179 lile
572 3123 697 3186 aliunde-t,
715 3121 832 3177 nondam
846 3136 937 3179 sumtus

142 3221 168 3276 itt
182 3220 227 3276 ilia
240 3220 326 3291 palria
342 3232 396 3291 qttn
409 3216 498 3273 redire
512 3214 677 3273 leslinamns.
693 3212 740 3269 Cui
761 3211 938 3283 peregrinatio

143 3310 229 3367 duleis
240 3317 302 3377 est,
323 3322 376 3365 non
396 3315 468 3363 amat
489 3305 600 3378 petriam
616 3323 623 3361 :
638 3302 660 3361 si
675 3304 760 3359 dutlcis
772 3310 813 3360 est
833 3302 936 3374 patria,

142 3416 233 3459 amara
247 3408 291 3458 est
303 3400 501 3474 peregrimum
520 3398 543 3455 sl
562 3410 653 3454 amara
667 3395 860 3470 peregrinatio,
883 3406 937 3453 tota

142 3496 186 3552 die
202 3494 350 3551 tribulatio.
364 3492 477 3563 Quando
491 3504 545 3547 nen
559 3497 601 3547 est
614 3488 749 3546 tribulatio
759 3488 772 3544 l
784 3486 896 3561 Quando
909 3488 937 3569 iu

143 3586 227 3658 mutu
242 3584 396 3642 delectatio.
412 3582 596 3638 delectationes
607 3580 635 3636 in
648 3580 752 3636 dextera
765 3590 809 3635 tna
821 3596 898 3652 napae
911 3579 939 3637 in

143 3676 229 3743 finem
245 3672 369 3746 implebis
380 3688 419 3729 ute
437 3672 543 3740 latitia,
557 3672 595 3728 ait
606 3714 615 3741 ,
628 3688 686 3727 cant
706 3670 778 3727 εειιε
791 3680 834 3727 tato
848 3670 937 3745 (Paul.

143 3781 198 3835 av,
215 3768 279 3839 ii);
301 3774 330 3823 εει
348 3766 501 3838 contemptu
521 3764 712 3822 delectationem
736 3764 838 3821 Dondni
852 3764 937 3839 (Psal.

143 3874 215 3926 surr,
229 3860 271 3931 i).
285 3858 324 3915 lnt
335 3860 445 3916 transiet
456 3856 532 3915 labor
541 3864 568 3916 et
577 3858 690 3930 gemitus
705 3876 712 3913 τ
727 3858 762 3914 ibi
776 3873 828 3915 nott
841 3858 937 3931 amato,

143 3951 191 4007 sed
205 3949 343 4016 laudatio:
360 3950 395 4005 ilai
411 3950 543 4017 Alleluia,
564 3952 650 4005 Amen
669 3948 724 4017 tal,
749 3963 799 4005 roa
821 3964 938 4007 eouasooa

142 4058 201 4099 eum
215 4042 325 4115 Angelis
336 4060 343 4109 ;
356 4043 392 4099 ibi
401 4042 470 4109 ¹nisio
479 4042 537 4101 sine
546 4041 663 4105 delectu,
674 4028 700 4097 et
711 4054 787 4097 anattr
797 4041 855 4099 sine
866 4040 939 4097 lasti·

142 4133 198 4188 din.
209 4132 345 4202 Quamdiu
357 4146 421 4205 ergo
434 4146 488 4189 nou
500 4132 548 4197 tat,
563 4130 659 4188 uidetis
670 4130 731 4204 quia
747 4146 800 4187 non
817 4132 842 4187 in
856 4132 938 4189 bouum

142 4222 196 4283 Sed
215 4224 355 4282 abundum
368 4224 477 4280 omnia?
496 4222 640 4280 secundent
659 4222 766 4290 omnia,
784 4222 844 4281 alde
858 4224 880 4279 si
893 4238 938 4281 se·

142 4328 224 4371 carus
232 4330 265 4372 es
278 4316 342 4387 quia
354 4330 407 4371 nou
419 4322 531 4389 pereunt
539 4316 639 4371 omnia.
651 4312 704 4371 Sed
713 4314 799 4372 liabeo
807 4316 876 4387 quod
885 4331 938 4373 non

142 4407 297 4475 hubam:
313 4408 427 4465 necessit
440 4408 552 4479 pecnnia
567 4420 627 4480 qua
643 4420 696 4463 non
711 4414 778 4463 erat.
800 4406 880 4464 Forte
894 4424 938 4465 aa·

141 4502 227 4558 cessit
238 4510 266 4557 et
279 4486 412 4571 timorqul
422 4509 560 4567 nouerat:
574 4498 642 4555 lorte
655 4507 728 4555 tanto
738 4499 858 4557 securior
867 4512 937 4568 eras,

140 4602 246 4665 natanto
267 4593 421 4665 pauperior.
445 4592 584 4649 Postremo
605 4591 784 4663 sirimpio,
808 4592 939 4649 redundet

141 4685 282 4743 affluentia
295 4684 487 4756 hujusmundi,
500 4682 579 4739 detur
591 4683 721 4739 securitas
731 4683 801 4755 qood
812 4698 865 4739 non
879 4698 938 4755 per-

140 4786 205 4834 eam
221 4777 318 4836 adluat
342 4776 413 4834 Deus
432 4775 567 4848 desuper,
591 4774 719 4831 AEterntts
740 4776 767 4830 in
798 4774 840 4833 liis
864 4778 937 4847 erla,

140 4868 243 4927 aeterua
258 4868 346 4926 lecum
360 4868 511 4933 enuntiem,
528 4866 576 4925 sed
591 4882 677 4923 meam
692 4864 786 4923 laeiem
801 4882 852 4924 nnn
866 4869 939 4926 vide-

140 4960 194 5021 ltis.
215 4960 304 5019 lietno
320 4976 428 5017 carnem
440 4960 580 5028 consulum
595 4962 716 5031 spiritum
727 4962 859 5018 constillte
872 4979 879 5017 a
893 4978 937 5019 re-

138 5051 274 5123 spondeat
288 5052 365 5109 rodis
378 5067 426 5108 eor
439 5060 575 5118 rostrum;
596 5052 757 5123 respondeat
772 5068 844 5124 spes,
860 5054 936 5124 fides,

139 5144 277 5213 eramus,
298 5152 360 5216 quae
371 5144 399 5200 in
411 5144 487 5200 uoltis
500 5156 560 5201 esse
572 5144 663 5215 cceplt.
681 5142 784 5215 Ergone
795 5144 817 5199 sl
831 5145 942 5216 accipe-v

986 1198 1108 1253 arationis
1119 1214 1190 1253 ineas.
1206 1196 1240 1254 ln
1257 1200 1299 1255 alie
1310 1200 1480 1261 tribulationis
1494 1219 1556 1257 meaa
1569 1203 1677 1259 chanani
1688 1203 1723 1261 ad
1734 1212 1776 1270 le.

985 1289 1105 1361 quosnam
1119 1291 1247 1347 exaudisti
1257 1309 1307 1348 tate.
1651 1354 1657 1362 ,
1673 1360 1680 1369 ,
1714 1357 1716 1362 ,

1023 1382 1068 1439 ii.
1091 1382 1165 1457 [nera.
1179 1382 1219 1458 8.]
1235 1384 1296 1441 Nou
1310 1395 1346 1441 est
1360 1386 1451 1442 sititilis
1473 1386 1517 1442 tili
1530 1388 1556 1443 in
1570 1387 1637 1457 diis,
1658 1389 1774 1455 Domum

987 1473 1030 1551 Et*
1040 1475 1103 1547 qaid
1122 1475 1211 1533 dlxttt
1231 1476 1293 1533 Non
1307 1488 1342 1536 ast
1354 1479 1444 1533 similis
1458 1480 1504 1534 t'li
1520 1480 1549 1535 in
1563 1480 1637 1548 dlis,
1656 1479 1779 1548 Domine.

988 1564 1103 1637 lingum
1115 1567 1166 1623 sibi
1183 1568 1248 1625 deos
1262 1584 1329 1641 quina
1343 1570 1436 1625 volum
1456 1568 1575 1643 Pagani;
1590 1569 1722 1638 adducant
1742 1571 1782 1636 ln-

988 1655 1051 1711 bros
1071 1660 1245 1728 argentarios,
1266 1658 1390 1727 aurifices
1402 1660 1597 1730 ‚expolitores
1619 1662 1779 1733 sculpamus,

988 1745 1087 1817 iniciant
1098 1742 1174 1807 aeos.
1197 1751 1296 1819 Quales
1313 1750 1397 1809 deos!
1410 1751 1509 1809 &ulos
1522 1754 1668 1823 imitentes,
1679 1764 1710 1824 et
1727 1770 1782 1823 nort

989 1838 1207 1915 uidentesffsal.
1220 1856 1295 1909 enata,
1310 1842 1356 1914 s);
1384 1851 1411 1898 et
1434 1851 1530 1899 caetera
1549 1859 1610 1916 quae
1629 1844 1694 1901 dioit
1714 1845 1783 1923 psal·

989 1945 1049 1985 mus
1061 1940 1266 2012 consentienter.
1286 1930 1340 1988 Sed
1361 1932 1412 1988 ista
1431 1949 1484 1988 nnn
1503 1934 1627 2001 colimus,
1648 1935 1702 2001 ail;
1726 1950 1782 1995 nuo

988 2022 1119 2089 collinus,
1148 2022 1206 2079 iaaac
1229 2024 1303 2095 signa
1329 2033 1401 2100 suut.
1428 2024 1462 2080 Ει
1484 2026 1546 2098 quaid
1568 2027 1686 2097 uelitisl,
1701 2028 1781 2095 attae

988 2111 1086 2182 aliquid
1102 2112 1200 2182 peius:
1218 2113 1344 2181 Quoniam
1365 2115 1402 2169 dii
1424 2113 1542 2176 Gentium
1559 2116 1782 2188 demonialksul.

988 2200 1056 2268 amn
1069 2198 1108 2273 5).
1132 2202 1166 2257 Ει
1188 2203 1272 2274 quid?
1286 2202 1341 2260 Nee
1362 2203 1512 2271 damantis,
1541 2206 1686 2278 inquinat,
1712 2210 1781 2274 eoli-

989 2306 1059 2347 mus.
1080 2292 1162 2348 Plane
1173 2292 1239 2348 nihil
1257 2293 1329 2351 alind
1342 2295 1445 2351 habetis
1456 2296 1481 2351 in
1493 2296 1612 2368 templis,
1631 2298 1696 2355 niltil
1709 2300 1782 2357 aliud

989 2384 1082 2457 implet
1107 2394 1180 2443 nattes
1210 2396 1315 2443 vestras
1337 2403 1417 2460 qnam
1441 2388 1613 2445 daemonium.
1638 2386 1692 2446 Sed
1719 2391 1783 2464 (guid

989 2474 1096 2532 dicitis?
1106 2478 1222 2549 dungalus
1233 2478 1358 2547 calanus,
1369 2480 1484 2552 Angelos
1494 2480 1625 2539 habentus
1634 2482 1712 2541 deos.
1722 2482 1781 2551 Nau

990 2568 1067 2637 plane
1087 2569 1172 2629 nostis
1187 2569 1313 2640 dungalus.
1337 2570 1431 2641 angeli
1451 2570 1523 2626 enim
1542 2587 1624 2627 uuum
1640 2572 1724 2629 [leont
1736 2589 1784 2643 cp·

990 2658 1058 2727 lunt,
1071 2674 1122 2716 nee
1134 2658 1223 2717 lun-ent
1236 2660 1388 2717 lanuniniltus
1397 2661 1442 2733 qai
1453 2662 1546 2738 volarit
1556 2665 1646 2720 colere
1654 2649 1784 2738 Angelos.

989 2760 1016 2807 et
1035 2766 1088 2809 non
1111 2754 1204 2811 venun.
1229 2751 1296 2808 liam
1316 2752 1466 2810 iorenimns
1486 2754 1780 2829 uetueratoslngemn

990 2844 1164 2917 pratntnemes
1185 2845 1310 2903 immines
1334 2861 1368 2902 ne
1389 2861 1419 2903 so
1440 2845 1602 2916 adorarent,
1623 2849 1671 2905 sed
1692 2861 1784 2918 aarum

990 2934 1074 2992 hetam
1088 2934 1181 3009 (Aper.
1197 2952 1254 2999 aux.
1269 2936 1325 3009 te).
1340 2935 1394 2994 Sed
1408 2938 1525 3009 Angelos
1538 2937 1786 3012 dioaut,·laominos

989 3026 1090 3096 dicant,
1103 3026 1349 3099 quaesieramus,
1365 3027 1422 3102 liga
1431 3030 1496 3098 disi,
1509 3028 1554 3085 Ilii
1566 3033 1636 3098 εειιε,
1646 3042 1671 3087 et
1682 3033 1730 3103 pilii
1743 3033 1786 3087 all·

989 3121 1080 3177 lissinm
1090 3137 1176 3176 omnes
1191 3119 1274 3193 (Paul.
1291 3137 1384 3191 auant,
1400 3122 1430 3194 6)
1444 3140 1452 3177 :
1468 3122 1530 3178 Nun
1543 3133 1579 3179 est
1591 3124 1681 3179 matilia
1694 3126 1739 3179 tili
1757 3126 1785 3181 itu

990 3212 1050 3278 diis,
1067 3212 1182 3269 Densius.
1195 3212 1341 3282 Quodlibet
1351 3215 1422 3272 alind
1442 3216 1541 3287 cogitet
1558 3216 1655 3288 laomo,
1673 3234 1727 3289 noa
1742 3228 1785 3275 est

989 3304 1078 3361 simile
1095 3304 1280 3376 nundinatum
1300 3315 1342 3362 est
1360 3306 1396 3363 illi
1411 3308 1455 3380 qui
1476 3308 1549 3365 lecit.
1573 3309 1694 3380 Excepto,
1711 3311 1783 3383 aen,

990 3394 1118 3469 quaidquid
1129 3394 1201 3452 aliud
1211 3406 1253 3453 est
1267 3400 1294 3452 iu
1308 3406 1401 3454 natura
1412 3413 1512 3468 mauro,
1526 3397 1625 3472 laetam
1636 3409 1705 3457 esta
1717 3400 1784 3459 Deo.

990 3486 1123 3559 Quantum
1138 3488 1249 3545 interest
1262 3489 1333 3546 iuter
1351 3505 1413 3546 eum
1426 3490 1470 3560 qui
1484 3490 1566 3559 lecit,
1586 3501 1615 3548 ει
1627 3491 1693 3549 illud
1712 3491 1786 3565 qttaal

990 3580 1089 3635 lactum
1104 3588 1166 3648 est,
1178 3579 1238 3652 quis
1250 3580 1329 3655 digno
1341 3582 1458 3654 cogitet?
1470 3582 1523 3639 iste
1536 3598 1601 3655 ergo
1612 3581 1700 3655 dixit,
1722 3584 1784 3651 Nau

990 3680 1026 3726 ast
1037 3670 1127 3727 mutilis
1145 3670 1189 3727 lili
1207 3672 1323 3740 indiis,
1343 3670 1615 3748 omniumomniuni
1637 3685 1727 3733 autem
1748 3676 1785 3733 sit

989 3763 1128 3822 dissimilis
1139 3765 1218 3836 Deus,
1232 3782 1285 3824 non
1295 3766 1372 3836 dixit,
1384 3769 1445 3841 quia
1454 3769 1506 3827 dici
1520 3786 1573 3827 non
1585 3781 1683 3843 potest.
1695 3772 1784 3829 lumn-

990 3854 1038 3913 dat
1050 3856 1172 3914 Charitas
1183 3866 1272 3915 nestra
1287 3877 1295 3915 ε
1312 3858 1607 3927 morimundensem
1622 3862 1727 3919 lucilius
1738 3864 1784 3919 di-

989 3948 1077 4008 eimtta
1090 3948 1152 4021 quid
1167 3965 1221 4005 nou
1233 3951 1286 4017 sit,
1299 3966 1377 4021 qaam
1393 3950 1457 4021 quid
1472 3952 1517 4007 sit.
1531 3950 1641 4009 Terram
1661 3956 1782 4026 arginusa

989 4054 1044 4097 non
1056 4049 1098 4097 εει
1110 4038 1161 4114 noe
1173 4040 1245 4098 Deus
1258 4058 1267 4097 a
1280 4056 1354 4121 mare
1367 4042 1483 4113 cogitas;
1497 4059 1549 4099 nan
1567 4054 1607 4100 est
1621 4046 1672 4101 lune
1688 4048 1758 4104 aeus
1773 4068 1781 4107 a

990 4129 1080 4186 omniu
1093 4131 1266 4206 quaesuntiu
1285 4140 1375 4201 terra,
1397 4129 1709 4205 hominesetaniunalia;
1728 4154 1782 4195 nain
1813 4206 1817 4209 ,

989 4230 1031 4281 εει
1046 4222 1097 4278 hoa
1111 4223 1183 4279 lieas
1197 4241 1205 4279 a
1221 4222 1385 4296 omniaque
1403 4238 1466 4281 suurn
1478 4226 1505 4282 in
1519 4228 1603 4293 mari,
1618 4244 1679 4301 quac
1691 4230 1784 4290 nolam

989 4329 1039 4397 per
1058 4330 1165 4383 aerem;
1189 4331 1242 4373 non
1263 4325 1306 4374 est
1326 4317 1379 4374 ltoe
1403 4317 1475 4376 [leus
1489 4337 1496 4376 :
1511 4320 1640 4391 quidquid
1661 4322 1733 4381 lueet
1754 4325 1782 4381 in

989 4407 1079 4476 emin,
1094 4407 1196 4478 stellae,
1208 4408 1250 4465 sol
1261 4417 1290 4466 et
1301 4408 1362 4465 luna
1375 4429 1383 4479 ;
1398 4426 1450 4468 noo
1464 4419 1506 4469 est
1517 4410 1570 4470 laec
1588 4412 1658 4471 Deus
1674 4433 1681 4469 τ
1697 4418 1783 4487 ipsum
1817 4467 1819 4470 ,

990 4498 1107 4565 coelaom
1122 4514 1175 4555 riou
1189 4509 1230 4559 est
1241 4501 1293 4557 boe
1305 4501 1375 4558 Deus
1390 4520 1397 4557 a
1412 4504 1531 4577 Angelos
1543 4505 1640 4578 cogita,
1652 4506 1783 4583 virtutes,

990 4588 1148 4658 Potestates,
1169 4591 1371 4667 Arcltangelos,
1386 4593 1519 4665 Tiamnnns,
1539 4596 1635 4669 Sedes,
1654 4600 1782 4659 bnamm-

991 4680 1095 4747 tiones;
1109 4696 1164 4737 non
1183 4691 1225 4739 est
1244 4682 1295 4739 laec
1308 4684 1389 4741 Deus.
1407 4686 1440 4741 Et
1459 4686 1523 4759 quid
1535 4690 1595 4746 esti
1616 4688 1674 4749 lieo
1694 4694 1783 4751 solam

991 4775 1064 4847 potui
1083 4774 1194 4842 dicere,
1215 4774 1278 4847 qaid
1298 4792 1351 4833 nou
1366 4780 1410 4834 sit
1423 4778 1527 4848 Quaeris
1548 4782 1611 4856 quaid
1631 4783 1685 4841 siti
1704 4785 1783 4854 Quod

990 4865 1085 4923 oeulos
1096 4880 1150 4921 non
1164 4865 1239 4934 uidit,
1253 4882 1302 4923 uec
1315 4870 1387 4925 auris
1398 4871 1509 4939 audivit,
1525 4889 1574 4936 tneo
1591 4874 1617 4932 iu
1630 4889 1678 4937 cor
1692 4877 1782 4934 linari·

990 4956 1033 5013 nis
1045 4956 1166 5013 ascendit
1177 4956 1199 5031 (l
1211 4956 1272 5013 Car.
1284 4974 1313 5025 ιι,
1326 4958 1364 5032 a).
1379 4959 1448 5029 Quid
1460 4964 1559 5035 quarta
1571 4974 1600 5021 at
1612 4966 1740 5023 ascendat
1754 4968 1781 5024 in

990 5048 1108 5120 linguam
1120 5091 1129 5116 ‚
1143 5047 1214 5119 quod
1229 5050 1257 5105 in
1271 5064 1319 5107 cor
1339 5067 1393 5108 non
1414 5055 1558 5113 ascendia?
1572 5056 1633 5114 Nar
1644 5068 1682 5115 est
1692 5061 1784 5119 uitmlis

991 5138 1035 5195 nli
1047 5140 1073 5195 in
1089 5138 1154 5209 dlis,
1168 5139 1292 5208 estium·
1303 5152 1328 5199 et
1342 5161 1392 5221 nott
1406 5154 1443 5203 εει
1456 5148 1594 5203 secundant
1605 5166 1684 5221 opera
1696 5162 1752 5209 tau.

138 5248 231 5293 seruus
243 5236 417 5294 manitatem
437 5250 486 5291 auos
507 5236 533 5291 lu
547 5232 682 5291 affluentia
703 5236 834 5292 honorum
854 5252 938 5293 suen·
1026 5230 1070 5287 li.
1087 5228 1161 5305 [rere.
1179 5231 1220 5306 9.)
1235 5232 1328 5290 Omnes
1338 5246 1423 5308 penites
1435 5247 1554 5311 ptaotpuot
1565 5241 1661 5311 fecisti,
1673 5245 1781 5312 uenient.

138 5328 236 5385 larium
250 5340 361 5399 semper
371 5328 482 5395 laturos,
497 5336 524 5385 et
536 5326 637 5383 diceret
646 5326 724 5383 nobis
736 5327 815 5395 aenis,
830 5328 937 5387 i'aeiem
990 5333 1014 5379 et
1026 5324 1167 5381 alurediana
1180 5342 1266 5382 eoram
1280 5337 1321 5393 ta,
1338 5328 1455 5385 dorsuna.
1469 5332 1645 5400 alintummas
1661 5336 1670 5368 ¹
1690 5337 1782 5393 Esttle-

25 5472 26 5491 ἢ
138 5436 227 5478 meam
243 5438 299 5479 tuan
314 5419 455 5488 videbitis,
470 5420 647 5493 gauderemus
661 5420 688 5476 ia
707 5420 866 5478 illisionis?
880 5420 936 5479 Eli·
990 5415 1078 5497 εἰει
1088 5414 1181 5473 Oetaea
1194 5427 1279 5489 parles
1292 5428 1410 5491 quotquot
1424 5420 1514 5492 sedni.
1528 5419 1557 5478 Si
1568 5431 1609 5479 est
1622 5438 1689 5495 gens
1701 5442 1794 5499 quan.

137 5524 214 5585 geret
226 5516 295 5574 lorte
307 5514 542 5585 aliqttisgamlere,
556 5522 583 5570 et
595 5512 686 5571 dicere
700 5531 706 5569 :
721 5514 862 5570 dlnmdam
874 5516 937 5572 milri
991 5522 1046 5569 nott
1066 5506 1128 5563 lecit
1141 5506 1225 5573 Ιιειιε,
1241 5525 1294 5565 aon
1309 5509 1431 5566 adorauit
1450 5527 1511 5568 eum
1529 5530 1536 5569 ι
1551 5515 1624 5591 nialla
1635 5526 1677 5575 ost
1691 5529 1782 5576 autem

25 5592 26 5613 ¹
139 5608 210 5679 ista,
224 5609 294 5667 nene
315 5605 384 5664 milui
405 5614 464 5673 est.
485 5605 552 5661 nillil
573 5605 685 5678 amplius
699 5621 798 5677 quatro.
815 5606 861 5661 Nn.
874 5606 937 5662 ultim
990 5584 1387 5668 81151111111111111101101111ῆ
1400 5601 1460 5670 spatia
1476 5602 1576 5685 lentum
1589 5608 1707 5665 omniunt
1718 5625 1782 5681 geo·

138 5703 219 5774 erepit
231 5718 292 5759 esse
308 5708 419 5756 amatur
431 5696 493 5763 llei;
510 5696 626 5752 ttontdnm
639 5698 719 5769 acepit
732 5698 825 5770 suapte.
837 5694 864 5754 ru
881 5710 938 5753 tan·
1024 5706 1033 5741 ¹
1046 5710 1082 5759 sic
1091 5714 1147 5759 ttss.
1159 5710 1214 5759 tall.
1228 5724 1297 5773 sera.
1317 5710 1467 5769 mtunmims.
