4084 6367
126 422 186 485 urst
681 375 1192 464 sarnnttsmrnrsntnuuert.
1694 406 1765 467 ,Μ

128 543 237 600 constat.
253 527 389 608 Quidquid
404 541 479 606 ergo,
492 541 553 588 cum
564 525 670 600 loquor,
687 519 827 594 agnoveris
840 517 866 572 iu
880 523 917 584 te,
972 531 1025 574 nun
1038 532 1252 591 agnosceremus.
1266 514 1295 579 si
1305 519 1375 582 enitu
1385 519 1590 607 prisciloq'cum
1600 525 1690 598 uellet,
1706 550 1765 602 pos-
1798 587 1811 609 e

127 629 243 706 quisquis
259 637 386 713 expertus
399 609 445 689 es,
461 619 517 680 noli
531 617 672 692 cogitando
685 613 760 686 quasi
779 622 919 691 remansere
972 619 1024 679 set,
1036 620 1063 667 et
1073 627 1127 670 non
1140 616 1251 670 sentiret
1261 613 1387 673 adversus
1396 630 1427 673 se
1436 617 1587 682 obnitentes
1595 623 1765 693 cupiditates,

126 727 151 785 5¹¹
164 737 210 797 ier
226 732 255 780 θῑ
266 731 362 794 bistili
375 717 446 792 (1¹¹⁰d
463 715 492 773 5¹¹
506 713 565 772 ⁸⁰¹0
580 723 605 768 ¹¹0
618 707 765 780 θθῦῑῑΰιῑῑὶ
779 704 827 762 hid
840 699 919 758 ῡῐθᾶθ
972 718 1024 761 uec
1038 706 1150 763 uinculis
1162 708 1218 764 suis
1234 719 1342 781 gravata
1355 711 1443 780 aniqta
1457 711 1642 784 collideretur;
1655 717 1711 775 suis
1724 718 1764 773 vi.

126 817 172 874 ista
183 815 342 886 contingere
353 799 400 867 aut
412 811 438 866 in
447 805 587 873 omnihus,
601 811 647 859 aut
658 815 741 873 prope
754 797 780 854 in
794 793 919 851 omnibus
972 799 1046 854 ribus
1060 799 1186 857 tribueret
1198 803 1268 873 quod
1280 818 1310 860 se
1320 818 1402 884 posse
1413 807 1534 875 sentiret,
1548 817 1577 865 et
1588 825 1643 867 nou
1654 809 1765 873 eorthte-

127 910 167 982 qui
179 907 291 964 veniunt
303 903 338 961 ad
353 903 424 960 hurrc
444 898 570 971 populum
582 938 589 963 ,
603 902 631 951 et
647 893 681 950 de
695 904 776 960 manu
795 887 919 944 irtlmico-
972 899 1065 946 reatrtr
1079 891 1191 946 homino
1203 891 1388 951 miserationes
1401 895 1468 967 ejus.

127 1017 183 1059 rum
197 999 318 1072 pretioso
331 991 460 1068 sauguine
474 991 650 1048 redimuntur.
1009 983 1035 1039 6.
1049 983 1113 1040 eost
1127 985 1175 1040 has
1186 985 1250 1040 duros
1265 989 1432 1058 tentationes,
1449 990 1561 1061 primam
1574 995 1675 1052 erroris
1686 1004 1766 1069 atque

158 1093 185 1148 l.
207 1089 381 1162 Repetiturus
395 1095 436 1144 est
454 1086 527 1142 enim
547 1079 655 1138 assidue
669 1073 742 1148 quod
755 1069 921 1129 continuimus
973 1075 1070 1147 pnopqae
1080 1076 1208 1146 vernaus,
1218 1080 1362 1136 secundam
1373 1081 1536 1139 dilicultatis
1547 1084 1617 1141 bene
1626 1069 1766 1160 opem,

127 1187 204 1245 modo
220 1205 228 1243 r
242 1183 417 1256 despicantur
434 1177 544 1236 Domino
561 1173 734 1232 miserationes
749 1169 821 1241 ejus,
835 1173 858 1221 et
870 1162 921 1218 uti·
973 1170 1051 1225 tertia
1072 1171 1183 1227 tentatio
1201 1171 1300 1242 excipit
1318 1171 1453 1230 hominem
1471 1177 1517 1233 :ei
1535 1177 1630 1250 loquor
1649 1180 1693 1266 qui
1711 1180 1767 1254 jana

130 1279 286 1352 sabbacius
301 1277 362 1348 illlis
375 1274 515 1330 bominum.
531 1271 600 1327 istos
612 1279 720 1334 temtus,
734 1267 861 1334 duantum
875 1257 923 1313 ab·
973 1261 1080 1316 transiit
1092 1259 1140 1317 has
1152 1259 1228 1318 duas.
1242 1261 1309 1318 Nam
1321 1264 1379 1321 istu
1390 1265 1460 1334 erre,
1474 1265 1571 1336 iateor,
1585 1269 1676 1330 muln,
1698 1243 1768 1337 mg„

127 1381 229 1428 rcrtere
248 1367 340 1442 potui,
357 1365 429 1440 quod
448 1363 560 1436 potestis
573 1367 602 1417 et
616 1371 678 1426 ros,
693 1363 787 1428 quater
806 1348 920 1423 repetil;
974 1362 1046 1410 sunt.
1062 1354 1127 1422 eris
1146 1356 1217 1411 enim
1240 1358 1325 1413 nescit
1345 1373 1376 1415 se
1394 1352 1427 1415 ab
1447 1359 1596 1433 ignorantia
1613 1366 1718 1424 senisse
1735 1369 1768 1427 ad

128 1465 151 1521 in
163 1475 218 1535 qua
231 1474 361 1526 numero,
376 1465 504 1530 quantum
519 1450 635 1510 Domino
650 1449 796 1520 adjurante
809 1440 921 1500 scrutari
974 1450 1113 1506 vespam„
1125 1491 1133 1519 ‚
1147 1449 1180 1507 ab
1194 1465 1285 1507 emm
1301 1450 1334 1506 ad
1354 1451 1440 1521 qam,
1455 1469 1470 1517 a
1489 1451 1561 1512 same
1579 1457 1716 1528 ”pienum
1735 1460 1768 1516 ad

127 1555 275 1618 ''ilffifflissr
290 1547 423 1622 Sibssfflfflt
437 1543 516 1603 ”⁰¹³5ss
528 1553 643 1617 (1113ῑῦοΥ
655 1539 783 1612 (immam
797 1533 924 1592 ῑθῃῑθῑῑθ·
974 1541 1086 1597 uerbum
1102 1541 1181 1598 lideii
1194 1541 1296 1599 Deinde
1309 1543 1384 1600 multi
1401 1544 1536 1602 lrrctaniur
1549 1565 1609 1604 curn
1625 1546 1767 1608 difficulta-

127 1663 185 1715 tes,
202 1661 237 1703 nx
251 1643 349 1717 quibus
361 1657 412 1699 nos
425 1639 522 1696 liberat
534 1639 577 1694 cul
591 1633 754 1692 conitentes
768 1643 823 1685 suas
838 1627 922 1683 mise·
976 1631 1046 1689 tibus
1062 1633 1185 1690 uitiorum
1205 1649 1333 1703 suorum,
1348 1645 1375 1693 et
1389 1635 1476 1694 adhuc
1490 1641 1680 1700 consuetudine
1694 1643 1765 1700 crilli-

127 1739 252 1796 rationes.
266 1733 404 1792 Facenim
419 1725 652 1799 bominemprimo
666 1721 730 1779 nihil
744 1724 921 1792 querentem,
975 1724 1028 1796 gali
1052 1733 1162 1796 gemunt
1186 1734 1311 1799 tanquam
1335 1729 1363 1784 in
1390 1729 1512 1799 ciattsura
1536 1741 1565 1790 ea
1586 1735 1771 1808 compedibus,

128 1829 272 1888 secundum
294 1828 374 1883 iilam
401 1832 518 1880 liberem
542 1815 694 1876 Seducwlia
718 1811 861 1870 securitate
885 1810 924 1866 Vl·
976 1817 1133 1890 Agnoscunt
1144 1830 1172 1876 et
1184 1819 1263 1879 istam
1278 1824 1462 1897 tentationem,
1474 1828 1659 1898 quamvisjam
1670 1828 1769 1898 dicant¹

127 1935 247 1990 rentem,
260 1921 330 1979 nihii
351 1926 487 1991 putantem
507 1911 579 1973 aliud
598 1925 659 1968 csse
680 1915 740 1981 post
757 1906 827 1962 harre
842 1905 922 1960 tritam
975 1912 999 1967 ai
1012 1911 1081 1969 torre
1094 1911 1187 1968 merant
1200 1931 1207 1968 ι
1222 1911 1319 1988 infelix
1331 1930 1378 1986 eqo
1391 1916 1477 1984 honio,
1493 1919 1550 1999 quis
1563 1935 1602 1974 are
1616 1921 1728 1978 liberabit
1740 1923 1772 1980 aie

128 2015 285 2092 i¹¹³¹¹d⁰ilue
304 2009 465 2078 finiendam
483 2006 663 2078 ne{iubenum
678 1997 820 2073 quemdam
834 2004 863 2052 0¹
880 2008 924 2050 ⁸⁰·
976 2021 1081 2077 corpore
1094 2007 1182 2062 mortis
1195 2007 1272 2078 hujus
1284 2003 1372 2080 (Rom.
1385 2026 1430 2074 vu,
1444 2005 1512 2082 hm
1522 2008 1589 2071 Nam
1604 2010 1664 2075 uide
1676 2017 1771 2074 arenis.

128 2109 252 2179 sordem,
266 2107 390 2165 obrutum
404 2117 451 2160 cor
468 2099 611 2158 habentem
626 2092 760 2151 illecebris
775 2087 882 2154 mundi,
897 2093 925 2144 et
976 2097 1044 2155 sima
1059 2100 1165 2155 vineata
1180 2118 1187 2156 :
1200 2099 1275 2167 chre,
1289 2100 1384 2172 innuit,
1398 2105 1554 2174 eorrcupireit
1565 2105 1684 2164 adverae
1697 2110 1761 2182 ephe

128 2199 273 2260 mortiieris
292 2193 513 2255 delectationibus
534 2187 702 2260 consopitum
721 2201 728 2240 t
747 2191 777 2240 ut
795 2179 925 2237 excitetur
977 2199 1040 2256 pum,
1054 2201 1078 2246 ,g
1091 2191 1196 2263 31,ng
1207 2192 1327 2251 “dmm
1338 2210 1438 2248 mmm
1449 2211 1460 2261 ‚⁶
1473 2206 1501 2267 ¹⁴!
1513 2214 1564 2266 m
1576 2215 1606 2252 m
1616 2214 1674 2268 qm
1685 2199 1772 2270 vum&

125 2293 176 2351 iste
190 2291 225 2349 ad
238 2289 410 2364 quaerendam
424 2285 537 2359 gratiam
554 2281 621 2349 bei,
637 2285 666 2335 ut
679 2277 725 2332 hat
738 2273 884 2338 sollicitus,
898 2278 926 2328 et
977 2281 1137 2354 patefaciatis
1151 2279 1248 2356 (Galat.
1264 2300 1289 2351 v,
1312 2283 1366 2361 l'l).
1378 2281 1496 2342 Proinde
1510 2287 1555 2362 qui
1572 2291 1626 2360 μη]
1641 2297 1681 2347 est
1695 2291 1772 2366 arqu-

129 2397 256 2461 tauquam
270 2387 304 2444 de
319 2398 414 2442 somno
426 2379 542 2452 evigilet,
557 2387 647 2433 noune
659 2384 754 2430 manus
767 2367 816 2424 liei
828 2366 926 2423 exeita
977 2381 1020 2431 tus
1035 2375 1138 2455 spiritu,
1150 2375 1419 2448 utquemadmodqm
1435 2375 1519 2436 noiuit
1532 2397 1593 2438 esse
1605 2378 1719 2453 adulter,
1734 2386 1773 2444 sie

128 2481 208 2539 earn?
222 2477 278 2538 Sed
294 2487 382 2534 tamen
396 2489 411 2530 a
424 2487 478 2546 quo
492 2470 527 2527 sit
539 2467 685 2534 excitatus,
701 2463 815 2536 ignorat.
832 2457 927 2531 {ncipit
978 2481 1031 2524 110„
1045 2467 1095 2535 sit;
1111 2469 1245 2540 quomodo
1259 2470 1343 2527 „01qu
1355 2486 1416 2531 esse
1430 2471 1481 2540 sur,
1495 2473 1534 2529 330
1547 2490 1600 2530 non
1612 2475 1663 2543 sm
1677 2486 1704 2532 et
1718 2493 1772 2534 αθ·

131 2581 220 2628 autcm
231 2583 292 2628 esse
304 2567 359 2640 jam
372 2564 420 2622 bet
431 2565 452 2631 ¹,
465 2575 525 2618 curu
536 2555 691 2630 cognouerit
701 2551 822 2610 tenutis
834 2547 924 2607 fldem.
951 2553 957 2570 “

127 2663 181 2722 Sed
194 2673 338 2735 atttequam
353 2663 509 2730 cognoscat,
524 2652 600 2709 dolet
611 2658 731 2706 errorem
746 2656 834 2701 suum.
849 2641 925 2699 inue-

129 2761 166 2817 nit
178 2760 252 2818 enim
265 2770 296 2812 se
308 2755 335 2810 in
347 2765 449 2818 errore,
460 2747 518 2804 vult
530 2756 694 2818 cognoscere
705 2739 856 2807 vannum,
869 2735 928 2807 pul·

130 2861 170 2909 sat
183 2849 229 2906 uhi
249 2854 354 2922 potest,
368 2848 454 2900 tentat
467 2835 538 2912 quod
554 2841 659 2908 potest,
677 2840 788 2904 uagatur
806 2843 857 2902 qua
873 2841 926 2914 po-

129 2949 191 3011 test,
204 2941 303 2998 iamem
315 2937 395 2996 etiarn
411 2935 508 3008 patitur
520 2929 603 3002 ipsius
615 2925 747 2984 ueritatis.
761 2922 850 2980 Prima
864 2932 928 2992 ergo

129 3034 242 3094 mutatio
254 3041 296 3089 est
309 3029 410 3086 erroris
422 3034 449 3083 et
461 3023 550 3080 lamis.
560 3015 613 3078 ‘Ubi
624 3019 653 3075 in
668 3019 717 3073 hac
727 3015 877 3072 tentatione
887 3009 927 3068 ia-

129 3130 227 3202 tigatus
245 3121 436 3184 exclamaverit
455 3117 488 3175 ad
508 3117 612 3183 Deuru,
628 3109 788 3197 perducitur
805 3105 839 3172 ad
858 3107 928 3164 riam

129 3221 202 3286 lidei,
215 3217 291 3276 unde
304 3213 414 3288 incipiat
426 3225 537 3285 pergere
548 3205 582 3263 ad
594 3205 730 3262 civitatem
744 3199 850 3274 quietis.
865 3197 929 3256 Per·

130 3315 237 3375 ducitur
257 3325 322 3383 ergo
342 3289 376 3365 ad
399 3305 551 3369 Christum,
570 3299 614 3374 qni
635 3299 701 3355 dixit
716 3315 724 3353 τ
738 3293 794 3368 Epo
814 3311 870 3359 aunt
889 3291 929 3348 uic

132 3408 222 3486 (ioan.
237 3422 294 3474 xlv,
308 3403 348 3476 6).

165 3503 193 3561 5.
209 3501 279 3557 Cum
293 3511 357 3572 ergo
371 3491 408 3550 ibi
421 3489 519 3556 luerit,
535 3485 589 3558 iam
605 3485 694 3562 scietas
710 3477 773 3553 quid
788 3477 931 3535 obseruare

129 3595 240 3662 debeat,
255 3599 446 3658 nonnunquam
460 3579 573 3636 muitum
586 3575 635 3634 sibi
650 3569 804 3640 tribuendo,
817 3577 844 3628 et
853 3569 930 3641 quasi

131 3688 166 3746 de
185 3688 242 3744 suis
262 3681 363 3739 uiribus
381 3672 585 3752 praesumendo,
601 3669 693 3740 incipit
706 3664 850 3734 confligere
863 3661 932 3720 velle

131 3789 225 3836 eontra
240 3779 367 3850 peccata,
381 3778 408 3826 et
423 3773 532 3840 propter
544 3754 695 3835 superbiam
709 3757 839 3832 superari.
852 3753 932 3813 Inue·

131 3875 250 3946 nitergo
264 3885 295 3925 se
305 3866 413 3939 ligatum
427 3856 629 3919 difficultatibus
641 3851 826 3922 stupiditatem,
839 3857 866 3906 et
878 3861 933 3904 uon

132 3979 214 4040 posse
226 3963 297 4018 riam
313 3966 421 4032 propter
435 3949 577 4024 compedes
589 3947 725 4006 ambulare
736 3960 744 4000 r
757 3943 889 4000 inclusum
904 3950 934 4000 ιι

132 4059 217 4116 sentit
230 4053 388 4113 dificultate
401 4047 547 4112 uitiorum;
561 4047 589 4100 et
601 4049 727 4111 tanquam
743 4049 820 4092 muro
832 4033 935 4110 impos·

133 4147 272 4210 sibilitatis
285 4151 386 4208 erecto,
401 4139 537 4216 portisque
551 4133 657 4200 clausis,
672 4145 723 4202 qua
739 4127 834 4185 evadat
847 4135 875 4182 ut
889 4139 936 4182 re·

134 4249 176 4302 cte
190 4241 282 4303 visat,
298 4249 352 4305 non
368 4229 481 4289 invenit.
495 4223 617 4308 lamisclt
631 4219 765 4294 quomodo
781 4217 872 4274 virere
886 4217 935 4273 de-

134 4331 198 4392 beat
212 4349 221 4388 ι
235 4329 310 4402 prius
323 4324 395 4385 enim
411 4322 439 4378 in
451 4332 545 4377 errore
565 4323 635 4382 erat,
652 4319 680 4370 et
698 4310 794 4366 iarnem
815 4305 937 4364 ueritatis

134 4423 305 4498 patiebatur;
320 4415 422 4489 accepit
434 4420 521 4469 autem
533 4409 590 4494 jam
603 4405 691 4463 chum
704 4401 834 4464 veritatis,
851 4403 878 4456 et
890 4414 937 4470 po·

137 4517 203 4574 situs
223 4521 266 4570 est
285 4512 312 4567 in
329 4508 372 4565 ria
389 4524 397 4564 z
412 4503 500 4573 audit,
516 4499 583 4558 Vite
600 4497 686 4563 hene,
705 4493 851 4551 secundum
867 4490 938 4563 qnod

137 4609 227 4674 uosti;
243 4613 323 4660 cutm
336 4598 407 4657 enim
422 4610 475 4653 non
495 4605 607 4651 noveras
625 4584 848 4661 quemadmodum
862 4583 938 4639 rire·
964 4628 965 4631 ,

139 4716 192 4770 rcs,
208 4697 292 4757 modo
305 4693 430 4766 accepisti
444 4698 471 4747 et
483 4686 564 4744 nosti.
579 4683 707 4752 (iuuatur,
721 4693 775 4736 non
789 4684 892 4749 potest;
903 4675 940 4732 li-

140 4809 231 4876 gatutn
243 4808 273 4850 se
284 4789 375 4856 sentit,
387 4783 520 4843 exclamat
532 4779 565 4836 ad
579 4777 731 4834 horninum.
744 4768 865 4831 Secunda
877 4783 941 4844 ergo

143 4887 255 4946 enutio
269 4892 312 4942 est
330 4876 493 4938 allilioultatis
511 4875 540 4931 in
559 4873 627 4929 hene
644 4863 795 4942 operando,
812 4863 880 4919 sicin
894 4861 942 4918 illa

144 4982 229 5053 prima
243 4975 346 5036 erroris
360 4979 387 5030 et
400 4970 487 5027 iamis.
500 4954 641 5022 'Exclamat
655 4967 682 5016 ct
698 4959 726 5015 in
741 4955 791 5012 hac
806 4955 838 5010 ad
852 4953 943 5010 homi·

119 5123 125 5130 .
144 5091 209 5136 num
225 5092 234 5130 :
248 5071 346 5127 liberat
358 5063 488 5126 Dominus
501 5059 534 5116 de
548 5051 760 5115 necessitatibus,
771 5045 871 5116 rumpit
885 5045 942 5100 vin·

145 5167 206 5224 cula
217 5159 395 5225 difficultatis,
407 5151 543 5213 constituit
553 5149 579 5204 in
590 5143 745 5218 operatione
754 5137 894 5211 aquitanis.
906 5135 944 5192 ln·

147 5256 213 5331 cipit
225 5255 250 5313 ei
262 5252 318 5326 jam
334 5245 410 5306 iacile
423 5259 483 5302 esse
496 5237 569 5314 quod
582 5233 689 5292 diliciis
702 5231 797 5297 iuerat,
811 5225 945 5285 abstinere

147 5368 162 5409 a
178 5349 269 5417 malis,
288 5360 345 5403 non
356 5340 517 5404 adulterare,
530 5347 584 5390 non
598 5328 697 5386 iurtum
713 5323 811 5391 iacere,
826 5335 880 5377 non
896 5319 944 5376 ho-

148 5442 305 5510 micidium,
325 5452 380 5493 non
400 5429 582 5503 sacrilegium,
605 5437 659 5480 nou
681 5421 797 5476 alienum
818 5413 946 5486 concupi-

150 5551 227 5596 scere
241 5553 249 5592 a
264 5533 334 5590 iacta
353 5535 394 5585 est
407 5523 520 5582 incultas
532 5532 591 5590 quas
605 5515 691 5572 luerat
703 5521 781 5568 antea
794 5505 945 5566 diihcultas.

150 5629 243 5692 Potuit
255 5627 309 5684 boc
320 5622 451 5680 Dominus
463 5617 520 5674 sine
536 5609 691 5669 diiiicultate
705 5611 849 5677 praestare;
863 5599 911 5657 sed
925 5597 949 5656 si

150 5720 206 5780 hnc
217 5719 275 5778 sine
284 5713 443 5774 diiiicultate
453 5706 623 5769 haberemus,
634 5697 787 5770 largitorem
798 5691 877 5764 hujus
885 5689 948 5747 honi

187 5833 197 5865 ¹
210 5831 247 5882 sic
256 5836 311 5880 uss.
322 5831 351 5876 tt
362 5829 412 5874 lm.
424 5833 431 5872 :
447 5813 533 5882 incipit
544 5816 623 5864 noina
635 5807 680 5861 bei
691 5803 830 5860 eremitatem
838 5807 950 5874 amiam

147 5885 212 5948 etan
221 5883 368 5966 aequom,
382 5891 430 5935 etc.
440 5885 478 5932 ιι.
492 5885 518 5930 et
528 5883 596 5937 tou,
607 5868 693 5936 innuit
706 5872 845 5961 rannessa
857 5866 951 5928 berni

978 2568 1035 2614 tera
1048 2558 1090 2614 illa
1102 2559 1200 2628 omnia,
1212 2577 1272 2632 quae
1287 2561 1380 2618 rolant
1393 2561 1516 2625 ltomines
1531 2566 1647 2631 vincere,
1661 2578 1688 2624 et
1701 2584 1773 2642 saepo

978 2649 1068 2708 inbexi
1083 2663 1254 2726 superantur,
1271 2663 1300 2713 tat
1317 2657 1467 2712 exclament
1480 2653 1513 2716 ad
1527 2657 1619 2723 ileum
1636 2671 1666 2717 ut
1679 2660 1713 2720 de
1725 2677 1773 2720 ne·

978 2744 1147 2803 cessitatibus
1167 2762 1260 2805 eorum
1279 2756 1354 2804 eruat
1366 2763 1430 2816 eos,
1447 2757 1473 2805 et
1493 2747 1555 2806 inde
1569 2749 1673 2807 liberati
1687 2753 1774 2808 conb-

979 2846 1086 2897 leantur
1094 2837 1209 2901 Domino
1221 2839 1406 2903 miserationes
1418 2839 1477 2912 ejus
1488 2859 1495 2895 ε
1507 2841 1626 2913 quisquis
1638 2858 1702 2919 ergo
1714 2843 1776 2901 talis

979 2941 1032 2999 est,
1045 2942 1073 2988 et
1085 2931 1148 2988 uicit
1160 2931 1217 2993 illas
1229 2931 1408 3002 difficultates,
1422 2941 1449 2991 et
1460 2933 1633 3008 probabiliter
1644 2935 1700 3009 jam
1712 2953 1776 2994 con·
1859 2985 1862 2988 ,

979 3036 1102 3082 uersatur
1121 3025 1190 3080 iuter
1210 3024 1350 3096 homines,
1369 3027 1428 3084 sine
1446 3027 1498 3083 ulla
1517 3027 1626 3100 querela
1645 3031 1776 3087 malorum

980 3131 1101 3184 ntorum,
1116 3116 1248 3202 excipitur
1261 3118 1408 3174 tentatione
1421 3119 1497 3175 tertia
1512 3119 1582 3175 taedii
1596 3119 1734 3192 conjusdam
1748 3123 1777 3180 in

981 3223 1056 3266 utura
1070 3207 1151 3279 hujus
1161 3209 1233 3278 uita,
1247 3209 1283 3264 ita
1295 3208 1478 3282 utaliquando
1490 3227 1551 3266 eum
1564 3226 1614 3270 nec
1626 3213 1713 3286 legere
1726 3229 1778 3270 nee

981 3319 1060 3362 orare
1072 3302 1197 3359 delectet.
1212 3298 1301 3377 Tertia
1315 3307 1426 3362 tentatio
1438 3302 1519 3378 priori
1532 3309 1664 3382 ¹contraria
1680 3327 1688 3364 τ
1702 3308 1778 3383 prius

982 3397 1053 3452 enirn
1064 3391 1352 3468 periclitabaturiatue,
1363 3407 1456 3472 postea
1466 3397 1581 3458 fastidio.
1591 3401 1668 3459 Unde
1677 3414 1704 3460 et
1716 3403 1778 3469 hoc,

981 3488 1034 3545 nisi
1054 3487 1088 3545 de
1107 3489 1223 3562 quodam
1242 3489 1368 3564 languore
1387 3493 1574 3550 animantiam
1588 3511 1642 3551 nou
1661 3504 1687 3552 te
1704 3494 1780 3554 illicit

982 3579 1154 3648 adulterium,
1167 3598 1218 3638 nec
1228 3594 1316 3640 tamen
1330 3582 1444 3648 delectat
1456 3583 1502 3640 Dei
1516 3586 1636 3643 terbum.
1647 3585 1706 3643 iam
1719 3597 1782 3661 post

983 3675 1132 3748 pericmm
1141 3675 1281 3749 imperitiae
1290 3685 1317 3732 et
1328 3677 1560 3748 concupiscentiae,
1571 3677 1708 3752 dequibus
1718 3680 1781 3737 duo

983 3767 1036 3826 bus
1050 3777 1077 3824 te
1090 3769 1208 3825 erasisse
1221 3769 1337 3835 laetaris,
1351 3768 1411 3825 ride
1423 3784 1457 3824 ue
1470 3759 1577 3825 taedium
1593 3767 1782 3842 fastidiumque

984 3867 1012 3921 te
1026 3869 1114 3916 necet.
1128 3858 1187 3916 Nou
1201 3866 1283 3916 estet
1296 3861 1346 3916 ista
1361 3860 1427 3917 leri's
1442 3861 1552 3917 tentatio
1567 3879 1573 3914 :
1587 3875 1702 3934 agnosce
1715 3869 1741 3923 te
1754 3863 1781 3921 in

985 3951 1049 4022 illa,
1068 3958 1097 4008 et
1116 3950 1236 4008 exclama
1253 3951 1287 4008 ad
1306 3951 1466 4022 Domitium,
1482 3962 1511 4007 ut
1528 3952 1562 4008 de
1578 3954 1783 4017 uecmuutibus

986 4044 1042 4101 tuis
1054 4044 1135 4110 etiam
1148 4043 1192 4101 hic
1206 4043 1301 4104 liberet
1315 4055 1359 4114 te;
1373 4050 1400 4100 ei
1411 4044 1446 4102 de
1464 4044 1515 4102 hac
1528 4046 1673 4104 tentatione
1687 4045 1771 4105 libera

986 4142 1031 4192 tus
1042 4150 1103 4191 euru
1116 4134 1209 4202 lucris,
1223 4135 1400 4193 confiteantur
1412 4135 1452 4192 illi
1464 4136 1649 4194 miserationes
1659 4135 1729 4210 ejus.

1024 4227 1051 4286 7.
1067 4225 1207 4286 Liberatus
1220 4238 1309 4286 autem
1325 4231 1359 4287 ab
1372 4245 1474 4299 errore,
1486 4230 1618 4291 liberatus
1637 4248 1652 4287 a
1668 4228 1784 4292 diiiicttl·

987 4321 1119 4398 tatebettc
1132 4321 1271 4394 operandi,
1284 4321 1435 4378 liberatusa
1444 4321 1524 4380 taedio
1538 4321 1696 4395 fastidioque
1705 4325 1785 4383 uerbi

987 4407 1049 4484 bet,
1065 4413 1186 4471 fortassis
1208 4414 1304 4487 dignus
1316 4413 1371 4470 eris
1392 4413 1434 4471 cui
1455 4415 1569 4486 populus
1582 4417 1784 4488 committatur;

990 4505 1161 4563 constituaris
1171 4506 1199 4562 ia
1208 4506 1395 4579 gubernaculis
1404 4507 1785 4575 nanisrecturusboclesion.

991 4597 1787 4674 lbiquartatentatio.TempestatesmarisquatientesEcclc·

992 4695 1071 4762 siam,
1085 4694 1193 4750 turbant
1205 4692 1420 4767 gubernatorem.
1429 4692 1552 4766 bannique
1563 4700 1618 4764 tres
1629 4692 1688 4750 illas
1698 4702 1786 4750 tenta-

993 4789 1081 4846 tiones
1092 4789 1208 4861 experiri
1223 4795 1311 4861 potest
1318 4785 1406 4846 omnis
1415 4785 1473 4858 pius
1483 4785 1568 4843 tidelis
1577 4785 1602 4841 in
1615 4785 1711 4857 populo
1722 4782 1786 4854 hei3

994 4889 1088 4956 quarta
1103 4882 1154 4936 ista
1169 4887 1260 4936 nostra
1274 4884 1325 4936 eet.
1337 4877 1442 4961 Quando
1455 4879 1526 4938 enim
1538 4877 1598 4953 plus
1610 4877 1786 4947 honoramur,

995 4986 1070 5045 unio
1092 4975 1154 5047 plus
1175 4972 1367 5046 periclitamur.
1393 4971 1562 5030 hietueudutu
1576 4981 1618 5030 est
1632 4988 1666 5027 nc
1685 4979 1789 5028 auertat

993 5070 1111 5145 ¹aliquem
1126 5076 1243 5125 restrum
1263 5082 1279 5124 a
1296 5063 1408 5126 ueritate
1432 5068 1577 5140 periculum
1598 5066 1716 5132 erroris;
1731 5081 1789 5123 me-

997 5163 1124 5222 tuendum
1144 5169 1187 5220 est
1200 5177 1234 5217 ue
1246 5157 1335 5221 vincat
1354 5174 1568 5232 unrrntquemque
1579 5156 1709 5228 cupiditas
1722 5172 1789 5227 sua,

997 5267 1025 5318 et
1038 5258 1118 5329 eligat
1130 5271 1191 5313 eam
1204 5254 1291 5326 sequi,
1313 5268 1393 5325 quam
1406 5268 1439 5308 ex
1454 5251 1513 5323 ejus
1526 5247 1725 5305 dillic'ultaiibus
1740 5266 1788 5306 er-

997 5352 1115 5409 clamaro
1136 5347 1170 5406 ad
1184 5349 1325 5405 hominum
1336 5363 1345 5413 ς
1358 5343 1530 5402 metuendum
1544 5348 1586 5399 est
1600 5358 1634 5399 ne
1648 5344 1791 5416 unicuique

999 5452 1118 5502 restrum
1131 5441 1219 5498 minus
1234 5440 1320 5510 sapiat
1333 5437 1443 5494 verbum
1454 5435 1512 5500 bei,
1527 5441 1555 5490 et
1568 5430 1676 5490 fastidio
1690 5436 1791 5492 moria-

1000 5545 1044 5608 tur
1057 5555 1065 5594 :
1080 5535 1190 5593 tarutio
1209 5547 1274 5589 vcro
1293 5525 1467 5602 gubernandi,
1482 5526 1593 5583 cnuth
1613 5527 1792 5599 periculorum

1001 5631 1029 5688 in
1041 5630 1159 5703 menda
1170 5626 1290 5684 Ecclesia
1303 5637 1353 5680 noe
1364 5621 1533 5694 potissimum
1547 5619 1638 5693 tangit.
1655 5619 1709 5679 Sed
1725 5637 1794 5693 quo·

1001 5723 1083 5782 modo
1095 5732 1121 5779 et
1135 5735 1183 5778 ros
1194 5717 1274 5776 alieni
1288 5715 1372 5784 eritis,
1386 5715 1409 5770 sl
1423 5721 1478 5770 tota
1489 5713 1566 5771 naus
1579 5713 1795 5786 periclitabitori

1002 5815 1080 5887 Quod
1090 5814 1151 5872 ideo
1164 5811 1229 5876 diti,
1241 5826 1276 5866 nc
1290 5809 1318 5866 in
1331 5807 1482 5879 hacquartu
1496 5807 1651 5876 tentatione,
1668 5811 1794 5875 utiquam

1005 5918 1095 5968 nostro
1117 5905 1223 5977 propria
1245 5903 1300 5975 (uli
1322 5915 1389 5973 opus
1406 5906 1490 5956 estut
1507 5897 1542 5955 ab
1562 5895 1796 5961 oradaeibusuon
