4084 6367
283 397 353 458 aaut
891 387 920 448 s.
940 385 1120 448 uuousuuu
1139 385 1288 452 uuuooat
1825 395 1893 458 mm

282 493 450 582 pullarijusti
465 503 607 575 :quoniam
621 501 1059 574 justuserfiderivittllom,r,l7).
1115 505 1261 563 tritionunr.
1284 505 1509 575 Quemadmodum
1536 507 1607 564 enim
1630 507 1750 566 medicos
1774 511 1893 582 perlecta

280 598 412 669 Quidquid
426 603 513 651 autem
527 594 604 651 nobis
618 594 703 650 adhunc
716 602 843 664 repugnat
860 603 888 649 et
903 593 1014 660 resistit,
1028 592 1061 648 de
1113 594 1225 652 sanitate
1237 595 1352 652 detrabit
1373 597 1511 668 ligaturam
1524 615 1532 664 ;
1545 599 1625 655 sicin
1639 599 1683 655 illa
1695 600 1803 657 cintate
1814 600 1893 658 ioru-

279 689 442 747 mortalitate
461 686 548 743 camls
570 694 629 753 est;
647 693 675 741 et
692 684 743 741 lroc
756 684 900 740 sanabitur.
919 682 1060 752 Vioificobit
1112 685 1206 754 salem,
1218 702 1278 743 cum
1291 689 1405 758 aequales
1415 689 1522 761 Angelis
1534 691 1595 746 [ιιιι
1606 689 1745 760 fuerimus,
1761 693 1890 764 numquid

279 780 360 846 enim,
375 779 469 848 inquit,
490 785 515 832 ct
535 776 653 831 mortalia
671 783 878 846 corpmcocatro,
898 790 942 844 per
960 772 1060 827 intoll-
1112 777 1210 847 prumtis
1221 777 1257 833 ibi
1267 787 1550 850 accepturosnosesse
1558 780 1629 853 quod
1641 780 1685 837 alc
1695 781 1844 852 accipimus
1859 783 1891 838 ¹l

278 877 373 928 mamm
384 865 508 938 Spiritum
517 867 571 937 cirta
584 867 612 920 in
626 864 704 920 tobia
714 863 754 919 Ad
766 862 918 934 hoepiqnus
932 861 1015 928 dedit,
1030 867 1060 917 ut
1110 865 1165 922 Aut
1178 867 1215 922 ibi
1235 867 1398 924 recitandum
1419 878 1461 927 est
1475 870 1552 928 nobis
1573 871 1755 944 Etauqeiium,
1770 881 1801 929 ot
1825 872 1893 931 ouo

277 959 411 1027 compleat
422 955 493 1027 quod
507 955 639 1027 promisit.
649 953 717 1023 Quid
730 969 794 1025 ergo
808 969 878 1010 nunc
890 953 917 1010 in
931 953 981 1009 lrac
992 953 1058 1022 rita,
1111 965 1201 1014 nostra
1215 961 1390 1029 permaneatt
1402 970 1448 1016 aut
1459 960 1622 1031 imponenda
1636 970 1679 1020 eat
1689 977 1785 1020 marum
1794 963 1830 1019 ab
1841 963 1892 1020 ali-

276 1048 383 1122 quando
393 1047 480 1105 adhue
497 1047 664 1104 contessores
680 1061 782 1113 sumus,
793 1047 910 1102 nondum
922 1059 1060 1116 possesso·
1110 1059 1164 1117 quo
1175 1049 1337 1118 preposito?
1349 1049 1400 1106 lsta
1407 1051 1497 1107 omnia
1506 1050 1672 1123 alligamenta
1682 1051 1892 1122 inctrnesunt;

275 1155 331 1207 res,
344 1139 407 1211 quid
420 1140 447 1194 in
456 1139 579 1205 haouita,
589 1136 651 1208 quid
663 1135 728 1192 lietl
738 1136 876 1204 Quomodo
886 1135 1021 1192 curabitur
1031 1135 1059 1191 ¹i
1110 1135 1226 1206 perlecta
1237 1138 1350 1196 sanitato
1365 1140 1536 1196 detrahentur
1552 1158 1560 1196 ε
1573 1141 1622 1198 sed
1634 1140 1670 1199 ad
1687 1155 1746 1198 mm
1759 1158 1813 1200 nou
1826 1158 1893 1215 μοι·

277 1231 360 1288 Sonat
373 1231 492 1286 contritos
506 1228 600 1295 corde,-
613 1228 660 1284 sed
674 1227 789 1298 perlecta
808 1226 907 1282 sanitas
920 1225 1057 1294 tonuerit,
1109 1226 1265 1297 ueniretur,
1288 1229 1340 1285 nisi
1366 1230 1547 1302 alligarentur.
1575 1231 1658 1290 Sonat
1681 1247 1746 1306 erqo
1769 1237 1892 1290 conantes

276 1320 383 1394 quando
395 1319 519 1375 diximus.
531 1318 606 1374 Nunc
619 1331 682 1388 erqo
695 1316 777 1386 quidl
788 1315 884 1388 Alliqct
895 1314 1055 1370 muniones
1109 1317 1195 1385 corde,
1207 1326 1231 1374 ct
1239 1319 1327 1392 olliqot
1340 1323 1499 1378 contritiones
1509 1339 1609 1380 corum.

276 1426 373 1465 corarn.
389 1410 438 1477 Qui
453 1417 538 1474 curat,
561 1407 655 1478 inquit,
682 1407 810 1462 contritos
834 1405 924 1472 tarde,
943 1417 1057 1476 quomam
1144 1406 1171 1462 9.
1187 1406 1260 1480 [ocra
1273 1407 1313 1482 l.]
1325 1409 1496 1478 Quinam
1507 1413 1692 1470 ιιιιιιιιιιίιιιιιι
1703 1413 1853 1483 ttdlurerrt',
1869 1427 1893 1473 ct

274 1501 391 1573 perlecta
406 1501 504 1556 sanitas
515 1500 544 1556 iu
562 1499 758 1556 resurrectione
769 1497 902 1570 justorum
914 1496 984 1564 erim
997 1495 1057 1551 alli·
1108 1497 1223 1553 crambes
1236 1500 1271 1554 alt
1280 1500 1382 1555 morino
1392 1517 1491 1558 mcum.
1507 1502 1575 1572 Quid
1588 1518 1711 1577 maguum
1725 1505 1781 1563 lieo
1798 1521 1892 1563 uume-

273 1603 320 1665 gat
333 1593 412 1650 modo
425 1591 598 1649 contritiones
610 1607 715 1647 eorum.
1107 1598 1168 1643 raro
1177 1587 1370 1646 multitudinem
1382 1589 1517 1646 soelhrom
1526 1592 1538 1646 l
1547 1591 1603 1648 lloc
1616 1602 1644 1650 et
1656 1593 1778 1651 homiues
1801 1595 1890 1652 conati

309 1686 335 1740 l.
347 1684 412 1753 Quae
426 1692 487 1738 sunt
500 1683 666 1753 alligamenta
679 1680 890 1738 contritionum?
907 1679 1051 1738 Sicut'me·
1107 1685 1170 1734 sunt
1182 1693 1190 1732 ε
1203 1677 1317 1736 uiderint
1337 1687 1426 1736 utrum
1438 1680 1550 1752 implere
1563 1682 1716 1753 potuerint;
1729 1695 1784 1740 uon
1800 1691 1890 1741 tameo

274 1774 325 1830 dici
340 1776 447 1844 alligant
460 1774 598 1830 tracturae.
619 1771 863 1842 Aliquandoenim;
879 1771 1048 1844 intelligenter
1107 1769 1342 1836 concremuerunt
1360 1785 1390 1826 se
1406 1769 1563 1841 impleturos
1582 1785 1643 1828 esso
1664 1781 1812 1844 sperarent.
1837 1773 1891 1831 lllis

273 1864 326 1921 boc
334 1863 457 1920 Charitas
468 1872 572 1930 vestra,
586 1873 614 1919 et
626 1872 717 1919 notum
728 1873 770 1919 est
780 1863 873 1935 eisqui
885 1864 1054 1920 animaduer·
1106 1858 1269 1916 dimittamur
1277 1859 1340 1932 quid
1351 1860 1496 1931 potuerint,
1507 1867 1535 1918 et
1543 1875 1679 1932 quousque
1693 1864 1865 1933 perverterint
1880 1881 1888 1919 a

275 1963 375 2020 terunt,
388 1954 458 2011 uela
472 1939 581 2010 medicis
592 1953 733 2010 audierunt
747 1970 754 2006 ε
768 1953 910 2024 aliquando
928 1967 1010 2024 orare
1027 1959 1055 2010 et
1106 1950 1162 2007 ileo
1171 1960 1259 2008 autem
1272 1960 1335 2023 puto
1348 1965 1402 2010 nou
1415 1967 1474 2010 esse
1491 1967 1615 2024 magnum
1633 1969 1774 2012 numerare
1793 1970 1888 2014 omnes

271 2046 384 2102 distorte
396 2045 509 2111 tirmata,
520 2052 549 2101 ut
560 2045 693 2116 corrigant
705 2042 812 2110 medici,
824 2043 958 2116 lranguut,
971 2052 999 2100 et
1014 2042 1055 2099 la·
1105 2039 1206 2097 stellas.
1219 2043 1262 2096 Διι
1282 2040 1519 2112 lorte'numerum,
1534 2058 1569 2100 ue
1582 2043 1769 2112 obliviscatur,
1795 2061 1889 2104 recen·

270 2137 345 2194 ciunt
356 2137 566 2204 uulnusnorum,
577 2135 639 2206 quia
650 2133 894 2191 malueratsanitas
907 2148 997 2204 oram.
1008 2133 1054 2191 Sic
1105 2131 1303 2204 tctlldagnum
1317 2141 1359 2190 est
1376 2133 1476 2205 aliquid
1497 2135 1551 2192 [leo
1571 2135 1662 2192 stellas
1679 2151 1832 2204 numerare,
1843 2138 1887 2194 cui

271 2244 336 2300 erqo
355 2237 430 2283 recte
449 2235 517 2293 aunt,
540 2226 624 2296 inquit
645 2225 852 2294 scripturarius
873 2223 993 2292 Doodni3
1008 2223 1054 2280 cod
1105 2221 1192 2292 eooldi
1210 2223 1326 2293 capitrrm
1340 2223 1469 2280 numerati
1487 2231 1550 2281 sont
1568 2223 1580 2296 (
1590 2222 1684 2279 llcttlr.
1703 2239 1731 2292 x,
1745 2225 1821 2298 itm
1833 2226 1890 2282 lla·

270 2319 443 2392 pravicordius
465 2321 493 2374 in
515 2318 568 2374 ittlr
586 2316 797 2373 acmrdoiiaobiter
813 2315 900 2387 (Orco
910 2331 972 2382 rm,
987 2315 1021 2372 to
1031 2315 1052 2387 ).
1105 2312 1229 2370 nilestum
1241 2324 1283 2370 eet
1295 2356 1304 2383 ,
1318 2313 1414 2372 iratres
1425 2355 1434 2382 ,
1445 2313 1543 2386 aliquid
1563 2314 1632 2372 vello
1645 2314 1729 2372 ileum
1743 2315 1890 2387 intelligere

269 2409 337 2479 Quid
353 2417 402 2474 est,
417 2405 811 2480 prmiccrdiurt‘lorticordios,
824 2414 921 2461 tortum
942 2404 1053 2462 corba·
1105 2419 1154 2462 uos
1166 2405 1193 2460 iu
1206 2418 1239 2462 eo
1252 2406 1322 2477 quod
1336 2407 1392 2473 ait,
1408 2406 1459 2474 Qui
1471 2415 1586 2462 amem
1603 2406 1787 2462 multitudines
1800 2409 1890 2464 uella·

269 2501 345 2556 bens.
368 2499 446 2555 Putat
466 2506 534 2554 torta
550 2512 611 2554 esse
631 2495 720 2553 omnia
741 2511 801 2568 quae
813 2496 965 2552 dicuntura
984 2496 1051 2566 lieo,
1103 2511 1170 2566 mm,
1183 2497 1382 2567 etorrtnibuaaie,
1396 2497 1490 2568 inquit,
1501 2497 1603 2553 nomina
1611 2511 1712 2554 motas.
1725 2497 1795 2554 Sunt
1806 2499 1889 2555 stella

269 2598 344 2661 potat
355 2603 503 2660 praraease
515 2589 603 2644 omnia
613 2603 674 2659 quae
693 2587 754 2643 tecit
769 2587 850 2654 ileos,
864 2596 892 2643 et
912 2585 1053 2657 displicent
1103 2585 1223 2657 quadan
1236 2586 1335 2642 lumina
1354 2585 1381 2642 in
1398 2585 1517 2644 Ecclesia
1536 2585 1701 2642 consolantia
1717 2595 1823 2644 noctem
1837 2601 1888 2642 no·

268 2681 308 2736 illi
320 2681 409 2736 omnia
420 2679 519 2750 judicia
529 2679 588 2744 liei,
600 2679 766 2749 maximeque
775 2678 802 2732 iu
813 2679 908 2749 quibua
921 2678 979 2748 ipae
989 2690 1052 2734 cor·
1103 2683 1197 2743 stram,
1221 2690 1314 2762 omnes
1329 2675 1363 2734 de
1381 2675 1476 2747 quibus
1496 2674 1559 2734 dicit
1571 2675 1735 2748 Apostolus:
1753 2674 1789 2731 ln
1800 2677 1888 2746 quitur

268 2771 378 2841 cipiturr
390 2777 417 2826 et
429 2769 514 2842 sedet,
528 2777 556 2824 et
565 2768 682 2838 disputat
691 2782 771 2838 quam
781 2768 852 2823 male
866 2767 944 2828 iaciat
965 2767 1048 2833 oms,
1102 2767 1229 2837 ιρριιιιιι
1238 2775 1355 2837 tuaquom
1372 2766 1508 2822 lemnario
1518 2767 1545 2820 io
1555 2764 1660 2821 mendo.
1673 2764 1707 2821 ln
1717 2766 1778 2833 isto,
1792 2765 1886 2837 iuquit,

267 2861 393 2929 quianon
407 2858 750 2930 oroejuauolontatelaoit.
764 2858 909 2913 Distortuur
922 2872 989 2925 eor,
1003 2871 1052 2928 oa-
1102 2855 1204 2910 actim
1222 2863 1333 2910 tortuoso
1355 2865 1378 2912 et
1392 2870 1516 2926 remeato,
1538 2856 1565 2910 in
1585 2855 1675 2924 quibua
1685 2857 1814 2927 mporctia
1831 2865 1888 2912 tca-

268 2963 329 3005 rum
340 2950 403 3005 est²
423 2948 491 3020 quod
514 2963 568 3004 non
589 2963 619 3004 se
630 2947 737 3018 corrigit
753 2945 788 3002 ad
803 2946 885 3002 iteum
897 2962 905 3012 ;
917 2955 945 3002 et
964 2945 1050 3002 ileum
1100 2957 1176 3013 quom
1188 2943 1325 2998 luminario
1337 2944 1365 2998 iat
1379 2944 1483 3010 mando,
1495 2943 1597 3000 ortum
1613 2944 1671 3000 aito
1683 2944 1801 3002 belm
1812 2945 1888 3019 (Plri-

266 3038 322 3093 tult
334 3038 501 3110 distorquere
511 3039 546 3095 ad
556 3053 596 3094 se.
606 3037 675 3107 Quid
687 3036 823 3108 ergodioit
832 3037 902 3093 Deos
914 3036 1050 3107 desuperl
1101 3031 1165 3104 liop.
1178 3048 1208 3100 n,
1224 3033 1268 3100 li,
1285 3032 1319 3089 ld
1328 3031 1350 3106 ).
1364 3031 1439 3103 ipsas
1450 3033 1540 3090 stellas
1552 3033 1675 3090 uuiaet-at
1688 3034 1779 3103 Deus;
1795 3049 1889 3092 outuee

265 3127 363 3184 'l'ortoa
380 3145 420 3199 ea,
441 3145 532 3200 aequos
548 3144 618 3186 sum.
639 3128 669 3186 Si
683 3138 712 3184 tu
724 3137 815 3185 motus
828 3143 911 3194 esses,
933 3128 1048 3184 sentires
1100 3137 1189 3182 secum
1199 3131 1366 3196 regnaturos,
1379 3139 1473 3182 omnes
1485 3123 1664 3198 aqqreqmuos
1676 3125 1782 3196 corpori
1792 3125 1888 3196 Unige-

265 3219 416 3290 toquitatem
437 3234 535 3277 meam.
568 3218 794 3288 Quemadmodum
813 3219 836 3274 sl
851 3219 878 3274 in
898 3219 1048 3288 parimento
1099 3217 1454 3286 uitiauinumeratoslrabet,
1468 3215 1887 3288 etuunerateoe.thndiqnus

264 3312 360 3383 aquali
375 3325 490 3382 poneres
504 3310 644 3367 distortum
658 3309 769 3382 lignum,
789 3324 842 3366 non
859 3309 1046 3376 collocaretur,
1098 3317 1150 3380 est,
1178 3324 1227 3368 nec
1240 3318 1405 3367 numeratur:
1419 3309 1452 3366 lit
1464 3309 1540 3366 multi
1558 3307 1740 3374 crediderunt,
1759 3307 1802 3363 uei
1815 3306 1887 3364 mul·

264 3403 381 3473 undique
393 3412 508 3469 nutaret,
524 3402 640 3473 undique
662 3404 826 3473 agitaretor3
840 3401 912 3475 qood
926 3418 980 3459 uon
993 3403 1046 3460 loci
1098 3401 1118 3456 ti
1143 3415 1173 3458 ao
1194 3401 1378 3472 qualicunque
1398 3400 1554 3458 adumbrata
1577 3399 1665 3470 specte
1686 3397 1765 3466 adet,
1789 3397 1886 3472 populo

263 3492 438 3562 inaequalitas,
458 3492 505 3548 eod
517 3490 639 3548 distortio
651 3491 715 3562 liqui
737 3491 817 3548 tacit:
830 3492 899 3547 siout
914 3493 953 3548 ait
973 3493 1047 3549 Seri·
1097 3491 1156 3561 ejus
1167 3493 1369 3562 applicuerunt3
1390 3492 1463 3546 uouit
1478 3500 1566 3548 tameo
1579 3489 1625 3546 ille
1637 3489 1701 3562 quid
1714 3497 1848 3556 numeret,
1858 3494 1885 3544 et

263 3592 351 3654 ptura,
377 3583 460 3648 Quom
476 3582 555 3637 bottas
575 3581 657 3636 lsrael
672 3578 743 3637 Dorta
762 3583 837 3637 rectis
857 3582 933 3639 corde
955 3583 1045 3656 (Ptol.
1097 3584 1159 3655 quid
1174 3583 1291 3641 ventilet.
1304 3581 1371 3639 Nam
1391 3589 1463 3640 tanta
1477 3591 1519 3641 est
1538 3581 1666 3639 celsitudo
1686 3581 1834 3653 Evangelii,
1856 3588 1886 3638 ut

262 3675 375 3742 euml
388 3673 417 3744 i¹
433 3673 500 3741 Quid
515 3674 600 3744 ergo?
620 3679 719 3729 tortum
739 3687 787 3728 eor
808 3673 941 3744 quomodo
953 3673 1045 3745 dirigi·
1098 3675 1173 3732 iteret
1191 3674 1261 3744 quod
1282 3673 1381 3730 dietum
1401 3683 1463 3731 est:
1487 3673 1641 3730 meantium
1661 3682 1686 3728 ct
1707 3673 1804 3728 locutu
1818 3687 1885 3740 cum,

263 3762 328 3820 tur?
340 3763 373 3818 Et
390 3770 487 3818 tortum
507 3770 565 3829 est,
585 3769 613 3818 et
625 3762 720 3818 doraum
734 3780 741 3816 :
755 3762 811 3833 iam
831 3777 895 3834 erqo
909 3769 1046 3820 tortumei
1096 3767 1256 3836 nauidpticoti
1274 3775 1331 3822 emat
1352 3782 1428 3837 taocr
1452 3780 1584 3821 numerant
1604 3763 1697 3835 (Ptol.
1724 3777 1820 3831 xxxix,
1834 3761 1885 3832 6).

262 3853 359 3908 durum
372 3853 519 3924 frangatur,
531 3861 694 3917 conteratur,
715 3862 745 3907 ut
758 3851 897 3923 dirigatur.
917 3853 956 3908 Tu
978 3853 1044 3910 diri·
1096 3854 1164 3914 Sunt
1176 3871 1240 3927 ergo
1252 3856 1279 3910 in
1292 3856 1396 3928 populis
1406 3861 1434 3912 et
1442 3853 1666 3926 supernumerarii
1678 3852 1884 3926 quodammodo.

261 3959 326 4016 gere
347 3952 484 4000 cortuum
499 3954 552 3999 non
574 3951 673 4014 notes:
694 3951 722 3998 tu
744 3943 845 4015 lranqe,
870 3944 914 3999 ille
939 3943 1043 4014 dirigat.
1096 3946 1164 4014 Quid
1191 3957 1248 4016 est,
1280 3943 1519 4018 supernumerarii?
1542 3944 1606 4002 Plus
1629 3958 1707 4015 quarn
1734 3943 1770 3998 lbi
1802 3941 1885 3998 laturi

261 4035 400 4105 Quomodo
412 4044 439 4090 tu
460 4035 580 4106 tnnqist
594 4034 727 4106 quomodo
745 4044 773 4089 tu
792 4035 927 4091 coutens?
954 4033 1045 4090 Conli-
1096 4048 1167 4096 sunt.
1177 4039 1247 4094 intra
1255 4039 1369 4110 parietes
1381 4039 1446 4096 istos
1458 4036 1546 4108 plures
1555 4043 1626 4104 sunt,
1636 4049 1714 4106 quarn
1727 4034 1809 4090 luturi
1823 4043 1886 4090 sunt

263 4125 355 4192 tendo,
364 4125 498 4195 puniendo
507 4131 615 4195 peecata
625 4135 679 4180 toa.
693 4125 761 4192 Quid
771 4125 844 4181 aliud
856 4124 987 4196 significat
997 4141 1044 4194 pe-
1097 4131 1124 4188 in
1136 4146 1217 4202 nequo
1231 4132 1298 4198 Dei,
1318 4133 1345 4187 in
1368 4129 1570 4188 illatenusalem
1592 4127 1710 4192 ooelesti;
1733 4127 1784 4197 ipsi
1804 4128 1885 4196 suqier

262 4225 365 4272 etorum
382 4216 561 4281 tunsiollllsi
574 4216 642 4272 turre
655 4225 776 4286 portamus
786 4215 1044 4286 ossauostraaliquid
1096 4237 1235 4278 numerum
1254 4229 1325 4278 sunt.
1341 4220 1543 4278 Animadvertat
1555 4219 1666 4290 quisque
1687 4227 1774 4272 utrum
1797 4217 1885 4272 luceat

261 4323 397 4378 metasse,
412 4322 473 4372 cum
483 4306 610 4363 &dimili
622 4315 724 4376 Willi-
739 4304 792 4362 5⁰⁶
805 4305 1044 4377 lidssifilimlllssllss
1067 4352 1071 4358 -
1096 4314 1261 4382 intenebris,
1286 4322 1373 4370 utrum
1400 4313 1536 4384 iniquitate
1552 4311 1645 4369 soeculi
1669 4309 1809 4365 tenebrosa
1829 4322 1883 4364 non

260 4411 308 4454 θοι
321 4406 469 4461 wiltsire,
480 4406 510 4453 ut
521 4411 537 4451 i
550 4397 664 4452 D⁰ffli¹¹0
677 4395 814 4466 dirigatur.
1096 4403 1254 4471 seducatur3
1274 4405 1298 4457 si
1324 4417 1376 4458 non
1392 4401 1471 4460 luerit
1492 4400 1617 4459 seductus
1641 4414 1691 4457 neo
1713 4399 1809 4468 uictus,
1825 4404 1885 4452 tan-

298 4489 327 4544 8.
341 4488 422 4543 Sonat
432 4502 496 4557 ergo
508 4488 626 4541 conicitoa
638 4486 723 4552 corde,
738 4494 767 4542 et
777 4486 920 4542 connitum
934 4499 981 4541 cor
993 4485 1044 4540 lra-
1096 4509 1176 4564 quam
1195 4493 1270 4550 stella
1284 4493 1334 4549 erit
1348 4509 1426 4564 quam
1443 4495 1498 4562 jam
1510 4499 1633 4547 numerat
1642 4490 1722 4546 lleus.
1887 4489 1891 4504 '

261 4575 356 4638 nentes·
368 4597 375 4644 ;
389 4585 416 4633 et
439 4577 538 4632 sanitas
558 4575 641 4646 insius
659 4574 748 4630 cordis
763 4570 826 4630 tuuc
846 4575 898 4630 erit
914 4573 1043 4644 persecu,
1133 4584 1176 4639 ll).
1190 4582 1224 4638 m
1234 4584 1357 4657 omnibus,
1371 4584 1474 4654 iuquit,
1486 4584 1521 4638 cit
1544 4583 1649 4638 nominc
1660 4597 1751 4637 uocans
1764 4596 1775 4634 .·
1790 4579 1827 4637 ibi
1842 4585 1884 4634 est

261 4686 322 4730 tum
337 4669 492 4740 eii⁰ll³⁰li⁵
513 4666 646 4738 reparatio
659 4664 813 4734 imliibiffll
834 4678 894 4737 (lllae
914 4664 1045 4736 promissa
1097 4683 1181 4732 totum
1203 4674 1349 4746 premium.
1374 4673 1506 4730 Habemus
1532 4675 1639 4730 nomina
1670 4671 1791 4744 quaedam
1812 4667 1883 4742 apud

262 4770 314 4819 esi·
329 4761 405 4816 Nono
418 4759 520 4815 inierit&
539 4757 603 4828 quid
614 4755 676 4811 ‘dcii
687 4755 821 4810 modicus?
837 4754 933 4826 diligat
944 4756 1045 4811 collidi·
1096 4767 1181 4824 Deum
1195 4785 1202 4821 ς
1216 4776 1245 4824 ut
1264 4767 1367 4824 noverit
1381 4765 1452 4822 Deus
1464 4766 1571 4823 nomina
1592 4773 1700 4831 mosim,
1717 4764 1770 4820 hoc
1789 4773 1883 4834 optare

262 4855 349 4908 tiones
361 4859 431 4918 tuas,
444 4857 475 4905 ut
485 4846 717 4920 possisperrenire
726 4845 759 4901 ad
771 4844 952 4916 plenissimam
962 4844 1046 4900 urmt·
1096 4856 1397 4928 debemuqhmgm,
1418 4857 1469 4912 1100
1488 4865 1617 4927 satagere,
1641 4863 1768 4926 quanqum
1788 4867 1884 4924 possa.

259 4951 343 4999 llllm
361 4941 373 4975 ⁸
387 4983 395 5009 t
416 4939 503 4998 ⁶⁰⁰⁶ss
511 4937 691 4996 ⁰⁰¹¹S⁰¹id0²⁰l
702 4935 772 5008 quod
785 4936 899 4994 fficium
910 4944 961 5003 ⁸⁸¹,
973 4935 1045 5007 quod
1097 4964 1167 5016 mus,
1185 4963 1238 5006 non
1251 4947 1286 5004 de
1298 4946 1357 5003 aliis
1369 4945 1448 5004 rebus
1459 4944 1591 5017 gaudere,
1605 4959 1655 5001 nee
1674 4943 1707 5000 de
1724 4943 1803 4999 donis
1824 4943 1884 5013 qui-

261 5035 396 5107 illiiifflm
408 5041 458 5089 lli·
470 5031 536 5100 ΟΜ
549 5040 611 5086 ⁸⁰⁰²
625 5031 675 5086 Μ
689 5028 878 5101 alligamenta?
897 5026 1044 5099 Τθιΰιθῐθ·
1096 5039 1207 5096 busdam
1222 5037 1411 5110 spiritualibus.
1423 5036 1517 5092 llideat
1534 5035 1655 5092 Clraritas
1673 5043 1761 5091 uestra
1777 5052 1784 5091 :
1799 5032 1883 5088 multa

260 5125 296 5180 iit
318 5123 500 5181 Swimfflll·
523 5120 697 5192 Aliiilffllssii
720 5118 885 5176 mediiissiiii
899 5126 961 5174 ⁵1¹¹st
979 5132 1045 5174 ⁰⁰¹¹·
1096 5130 1165 5186 dona
1176 5137 1237 5186 sunt
1250 5129 1277 5184 in
1289 5127 1419 5194 Ecclesia,
1434 5127 1502 5184 sicut
1514 5125 1657 5198 apostolus
1669 5124 1743 5191 dicit,
1758 5123 1810 5178 Alii
1822 5123 1882 5194 qui-

257 5214 376 5272 tuitionis
385 5222 497 5281 nostra,
509 5212 679 5268 Sacranuenta
690 5211 796 5267 interim
808 5210 972 5280 temporalia,
986 5211 1045 5280 qui·
1097 5219 1154 5276 dem
1174 5237 1218 5292 per
1231 5218 1450 5290 spiritum-datur
1472 5233 1552 5272 cer-mu
1572 5217 1711 5288 sapientire,
1733 5215 1778 5268 clii
1800 5228 1883 5269 mmo

259 5307 310 5368 bus
321 5304 450 5362 ualemus
463 5303 669 5361 consolationem
688 5321 695 5357 :
715 5311 743 5358 et
757 5304 806 5358 ista
820 5302 909 5357 onnia
927 5317 987 5372 quau
1004 5302 1045 5357 lo·
1096 5309 1206 5364 ,mariq
1219 5305 1353 5364 reundum
1370 5307 1483 5363 eumdem
1500 5305 1644 5378 Spiritum,
1662 5305 1708 5360 otii
1721 5303 1786 5375 tides
1798 5302 1826 5358 io
1839 5317 1883 5358 cu·

259 5398 366 5467 tuimur
377 5395 462 5462 robis,
474 5396 529 5465 ii>sa
538 5404 598 5466 (l'uie
609 5401 706 5448 ⁸⁰¹¹⁸¹¹2
715 5401 742 5450 0²
756 5399 902 5458 transeunt»
914 5391 1043 5462 quidquid
1097 5399 1154 5455 dem
1168 5397 1282 5469 Spiritu,
1297 5399 1342 5453 ciii
1354 5399 1457 5454 deuotio
1479 5398 1657 5465 curationum,
1670 5395 1717 5452 olii
1731 5394 1884 5468 dijudicatio

259 5487 289 5543 in
298 5487 415 5548 uoctena
423 5486 526 5558 geritur
535 5486 723 5556 temporaliter,
732 5486 898 5556 alligamenta
906 5493 968 5542 sunt
979 5499 1044 5540 cou·
1096 5493 1240 5564 spiritunon,
1254 5489 1281 5546 id
1302 5499 1354 5558 est,
1372 5498 1404 5546 ut
1419 5488 1547 5560 dijudicet
1565 5489 1635 5546 inter
1651 5485 1737 5542 bonos
1755 5493 1784 5542 et
1798 5486 1883 5544 mmor

291 5623 302 5655 ι
312 5629 363 5670 m,
376 5621 590 5686 “plemma
602 5621 738 5673 mm·
1096 5584 1204 5656 spiritus
1216 5599 1224 5652 ;
1237 5583 1282 5640 olii
1294 5583 1438 5657 iinqaoraut
1449 5597 1541 5655 uenero
1552 5623 1561 5652 ,
1573 5581 1619 5637 olii
1629 5576 1764 5653 oropbotic
1776 5577 1810 5648 (1
1823 5576 1881 5634 Gor.

257 5685 355 5805 adiici?
363 5688 419 5793 eutii·
429 5688 459 5733 ss
472 5683 685 5737 mmmmm
695 5697 747 5748 Μ’
760 5694 861 5748 mm
871 5694 910 5736 W
922 5688 968 5746 ω’
979 5679 1044 5749 Μ
1129 5744 1138 5776 ¹
1151 5750 1201 5794 am.
1211 5747 1249 5793 tu.
1263 5747 1289 5792 et
1298 5741 1381 5804 plures
1391 5749 1454 5792 tam:
1466 5747 1525 5792 riom
1536 5739 1594 5806 quid
1603 5735 1713 5804 camnis?
1725 5734 1762 5790 lbi
1770 5705 1888 5800 dom·

290 5804 677 5879 undantemundantem
882 5851 895 5882 Ι.
947 5861 951 5883 5
1098 5801 1534 5878 tmmmrequodbicooceoicmut
