4084 6367
134 311 202 371 tusi

135 422 242 496 superbi
266 422 449 495 mdciarttusl
461 436 522 489 ¹non
533 420 604 491 enlm
618 421 662 495 oti
681 420 772 477 rident
783 418 847 476 cosei
861 418 935 485 bant,

133 516 181 574 md
194 516 241 589 qul
253 514 309 573 sibi
322 514 415 574 ridere
435 514 574 584 ridentur,
589 512 623 573 de
636 510 756 572 emisam
769 508 935 569 'convincan-

133 624 186 679 rur.
200 606 258 665 lloc
267 609 324 681 agit
341 609 497 681 mysterium
513 607 670 678 torcularis,
685 615 713 661 stt
731 605 775 677 qui
788 621 839 662 non
852 603 936 661 uident

132 700 254 770 sidunt,
268 708 293 757 et
304 701 347 772 qai
361 702 445 756 uidem
458 700 519 756 torti
531 701 604 771 fiant.

165 793 196 849 8.
215 791 292 866 [mre.
305 792 345 865 6.]
357 791 539 849 Testimonium
549 792 576 847 in
587 788 683 863 ioseph
693 788 776 863 posuit
785 786 860 845 iliad.
873 786 931 854 Eia,

131 882 243 951 tratres,
259 883 398 955 quidest?
411 881 512 953 loseph
525 882 715 953 interpretatur
731 877 930 952 augmentatio.

132 974 301 1040 Meministis,
328 973 414 1030 nostis
431 972 531 1042 losepb
558 971 585 1027 in
608 969 753 1043 AEgyptum
771 968 932 1025 venditum:

130 1064 254 1121 cbristus
268 1064 303 1121 ad
324 1064 425 1122 Gentes
440 1064 582 1119 transiens.
603 1062 641 1119 lbi
663 1059 762 1133 loseph
777 1069 837 1132 post
851 1058 934 1115 tribu·

131 1158 247 1213 tationes
260 1156 391 1213 exaltatus
404 1154 480 1229 (Gen.
495 1168 595 1225 anseri,
610 1152 662 1221 ss;
679 1162 702 1209 et
716 1168 771 1221 xm,
788 1152 834 1221 57,
858 1150 932 1224 eta),

131 1258 157 1305 et
168 1248 212 1305 bic
224 1249 348 1307 Christus
359 1256 422 1320 post
434 1246 584 1319 passionem
597 1252 743 1319 martymm
756 1242 931 1316 glorificatus.

132 1338 202 1410 Ergo
216 1338 251 1395 sd
264 1338 364 1410 loseph
379 1338 464 1411 magis
473 1336 574 1395 Gentes
585 1336 717 1407 pertinent
731 1354 738 1392 :
752 1343 780 1391 et
792 1334 854 1391 ideo
865 1348 932 1405 aug·

679 302 887 366 ‘mannaim
906 308 940 361 tit
959 304 1121 367 PSALMUM
1139 305 1247 367 Lm.

989 419 1097 476 servilia
1116 429 1178 479 sunt
1192 434 1293 493 opera;
1309 420 1370 493 ostia
1387 420 1474 475 ornnls
1486 419 1531 493 qui
1553 418 1615 477 lacit
1635 427 1776 493 peecatum

989 522 1083 566 servus
1095 517 1137 566 est
1149 510 1266 582 poccati;
1281 518 1309 567 et
1328 510 1351 568 si
1369 523 1415 568 ros
1430 509 1513 566 lilius
1530 510 1700 580 liberaverit,
1712 520 1777 571 tune

987 614 1051 659 rere
1064 600 1141 659 liberi
1162 602 1236 659 eritis
1249 602 1337 676 (loon.
1351 619 1396 659 vttt
1408 646 1417 672 ,
1431 603 1485 671 ttt,
1499 604 1558 677 56].
1579 603 1673 663 blerito
1683 616 1712 663 et
1728 608 1777 665 ab·

984 692 1055 763 jecta
1066 693 1158 749 muudi
1172 696 1245 765 qttasi
1258 695 1365 766 cophini
1377 695 1538 767 deputantur
1559 710 1568 753 a
1581 696 1629 753 sed
1640 705 1667 755 et
1681 700 1776 771 copiti·

986 796 1036 841 nos
1048 784 1118 841 lietu
1131 783 1256 842 buccellis
1270 787 1405 858 implerit3
1421 785 1559 843 duodecim
1572 789 1701 859 cophinos
1713 790 1779 847 bue-

985 875 1113 933 cotiarum
1125 876 1244 947 implerit
1253 876 1358 949 (blattis.
1369 893 1425 945 arr,
1434 877 1497 951 20);
1509 878 1571 949 quia
1580 878 1683 951 abjecta
1695 880 1777 951 buius

985 967 1076 1023 mundi
1087 967 1176 1039 etegit,
1192 976 1221 1023 ut
1229 966 1403 1024 conlutideret
1415 968 1492 1026 lortia
1506 969 1528 1042 (1
1538 970 1599 1027 lior.
1613 986 1633 1039 r,
1647 971 1706 1043 2¹1).
1721 972 1776 1029 Sed

984 1064 1012 1113 ct
1032 1058 1139 1129 quando
1165 1058 1192 1119 iu
1212 1057 1328 1129 copbiuo
1342 1058 1474 1116 seruiebat
1492 1059 1602 1132 loseph,
1621 1069 1722 1119 terram
1741 1064 1779 1119 ibi

985 1150 1117 1223 portabat,
1129 1152 1190 1223 orda
1201 1151 1297 1209 lateres
1307 1151 1421 1209 iaciebat
1433 1170 1441 1209 r
1454 1151 1549 1209 lienus
1561 1154 1616 1227 ejas
1626 1155 1654 1211 ia
1667 1158 1778 1229 mplmo

983 1243 1131 1299 seminam.

1019 1334 1065 1393 ld.
1085 1333 1160 1407 [oms.
1174 1332 1214 1409 8.]
1234 1333 1267 1391 ln
1276 1336 1435 1393 tribulatione
1442 1336 1566 1393 invocasti
1574 1354 1624 1408 me,
1637 1349 1662 1395 ot
1675 1342 1731 1397 erati
1743 1348 1776 1399 te.

132 1431 277 1497 mentatio;
299 1430 362 1502 quia
376 1429 452 1486 multi
466 1427 513 1485 diii
530 1428 663 1497 deserta,
681 1428 767 1500 magis
780 1442 859 1498 quam
875 1424 933 1497 cius
981 1426 1167 1501 Recognoscat
1180 1444 1211 1487 se
1224 1445 1390 1503 unaquaeque
1401 1430 1565 1489 conscientia
1578 1433 1740 1504 christiana,
1752 1439 1776 1494 si

132 1538 190 1595 quae
202 1522 285 1579 habel
296 1522 382 1579 tirum
396 1519 474 1594 (isai.
486 1536 539 1590 tm,
555 1517 593 1594 l).
606 1518 788 1576 Testimonium
798 1517 825 1573 in
836 1516 934 1588 insepti

132 1615 218 1687 possit
227 1614 306 1684 illati,
321 1615 382 1693 tiam
395 1614 475 1670 exiret
490 1612 522 1668 de
531 1620 598 1668 terro
609 1610 729 1684 AEpypti.
742 1608 838 1666 Videte
851 1616 878 1665 et
889 1608 934 1665 bic

133 1706 282 1778 significari
302 1705 422 1777 quintam
443 1703 569 1761 sabbati:
590 1702 702 1772 Quando
722 1698 787 1757 exiit
807 1699 842 1757 de
862 1706 932 1755 terra

133 1797 245 1870 aegypti
257 1795 369 1868 loseph,
384 1796 411 1851 id
426 1802 478 1862 est,
492 1794 606 1865 populus
620 1792 810 1863 multiplicatus
823 1806 870 1861 per
883 1788 932 1845 Jo-

133 1888 209 1959 sepb‚
233 1902 285 1961 per
297 1900 372 1943 mare
392 1886 517 1941 Rubrum
540 1886 667 1955 trajectus
689 1889 731 1939 est
756 1879 852 1955 (nno.
875 1894 932 1946 xm,

132 1974 239 2049 bibl).
256 1977 293 2035 lit
311 1984 376 2032 tunc
391 1988 455 2047 ergo
469 1976 654 2047 produxemnt
667 1986 743 2043 aqtrae
755 1972 860 2044 reptilia
872 1971 932 2027 ani-

132 2080 238 2123 marum
251 2066 383 2122 vivarum.
396 2064 469 2121 tttbtt
483 2063 554 2119 aliud
568 2072 631 2119 tunc
643 2062 670 2119 in
686 2061 768 2135 ligura
783 2046 938 2134 portende·-

132 2158 179 2218 bat
190 2160 319 2216 tramitum
332 2158 422 2231 populi
434 2172 482 2230 per
496 2170 581 2224 mare,
597 2155 649 2213 nisi
664 2154 804 2213 transitum
814 2152 932 2210 bdelium

133 2264 179 2323 per
193 2250 376 2322 baptismum
393 2248 468 2305 testis
477 2253 518 2303 est
527 2245 672 2317 Apostolus
688 2261 695 2299 ι
713 2242 782 2299 Nolo
795 2242 862 2298 enim
876 2258 931 2310 ooa,

132 2344 230 2415 inquit,
244 2342 380 2414 innotare,
394 2340 505 2411 froiam,
519 2338 579 2407 qais
592 2344 676 2408 potres
689 2334 771 2390 nostri
782 2350 868 2391 omnes
886 2332 932 2389 mi

132 2434 197 2489 ease
208 2436 313 2506 {want
327 2468 336 2497 ,
349 2440 372 2485 et
386 2444 472 2484 omma
484 2442 530 2501 pes
544 2442 614 2481 mare
628 2424 794 2490 translemnt,
809 2431 835 2478 et
847 2439 932 2479 omnes

131 2526 159 2581 ln
172 2524 282 2597 lopun
301 2520 421 2591 baptisati
436 2526 496 2575 aunt
517 2520 543 2573 io
558 2516 623 2573 nula
641 2525 664 2573 et
678 2516 705 2571 ia
719 2514 785 2570 sauri
797 2512 819 2587 (Ι
831 2512 889 2570 Gor.
902 2528 930 2577 x,

133 2618 160 2684 l,
171 2616 211 2689 Ξ).
225 2613 299 2671 tttbtt
310 2626 375 2685 ergo
385 2610 456 2668 aliud
468 2608 635 2682 significabat
648 2607 776 2663 tmnsitus
787 2618 835 2677 per
846 2620 930 2673 mare,

132 2706 183 2763 uisi
207 2704 411 2761 Sacramentum
437 2700 647 2773 baptisatorump
669 2695 737 2752 nibil
758 2694 831 2753 aliud
856 2696 930 2752 inse·

130 2806 246 2872 orentes
258 2794 389 2868 AEryptii,
404 2792 456 2849 nisi
468 2791 657 2849 abundantiam
671 2786 867 2861 praeteritorum
880 2785 929 2843 dc-

11 2908 12 2917 *
132 2892 266 2949 lictorem.
278 2888 382 2945 Videtis
394 2885 593 2943 euidentissima
606 2890 772 2939 sacramenta
785 2898 793 2936 a
804 2887 931 2952 premunt

132 2984 252 3058 AEpyptii
265 3025 273 3052 ,
286 2988 397 3053 urgeota
412 2980 511 3036 instant
522 2992 586 3048 ergo
599 2982 727 3048 macuta,
742 2972 789 3030 sed
802 2970 931 3045 usquead

132 3092 237 3151 aquam
251 3073 321 3144 Quid
335 3087 400 3145 ergo
411 3072 508 3136 times,
523 3070 568 3143 qui
586 3068 705 3126 nondum
719 3064 826 3133 venisti,
838 3062 931 3121 uenire

131 3173 164 3228 ad
184 3171 349 3243 baptismum
364 3166 481 3234 Christi,
499 3164 611 3220 transire
632 3177 680 3233 per
701 3174 775 3217 mare
791 3156 931 3215 Rubruml

131 3264 200 3334 oind
220 3270 265 3319 est
288 3258 418 3318 rubruml
441 3255 575 3329 Sanguine
599 3252 704 3309 bomini
732 3257 929 3307 consecratum.

130 3354 199 3424 unta
208 3354 290 3411 times
299 3338 410 3407 reniret
419 3340 587 3405 Conscientia
597 3344 666 3400 torte
674 3341 824 3414 aliquomm
837 3340 931 3395 imma·

984 1518 1080 1577 denote
1093 1522 1226 1577 transierit
1240 1537 1315 1579 mare
1331 1523 1453 1591 rubrum,
1467 1523 1490 1580 si
1501 1537 1562 1581 com
1578 1524 1632 1583 dde
1648 1527 1775 1586 eredemi

983 1616 1012 1667 et
1025 1610 1183 1667 obseruandi
1197 1612 1313 1685 lirrguam
1335 1628 1417 1685 quam
1438 1628 1492 1670 uon
1511 1622 1633 1683 noverat,
1652 1614 1774 1683 auditur

983 1713 1159 1776 recognoscat
1179 1720 1210 1761 se
1229 1704 1255 1759 in
1277 1704 1445 1763 tribulatione
1455 1706 1618 1763 exauditam.
1631 1706 1690 1779 lpsa
1703 1709 1776 1765 eninr
1863 1716 1866 1719 ’

983 1807 1080 1867 magna
1101 1794 1235 1851 tribulatio
1255 1804 1324 1862 erat,
1344 1796 1429 1866 premi
1449 1796 1562 1852 sarcinis
1579 1805 1775 1868 peecatorum

983 1894 1112 1958 quantum
1122 1885 1340 1958 ratdetrotcrau
1353 1886 1534 1945 moscisntlal
1548 1888 1619 1946 Eoos
1628 1890 1778 1963 baptisatus

983 1992 1029 2047 es;
1041 1980 1203 2039 conscientia
1218 1997 1277 2053 qun
1289 1980 1346 2037 beri
1362 1972 1551 2052 premebatur,
1567 1981 1647 2041 bodie
1658 1984 1777 2057 nnana

984 2076 1038 2128 tur.
1051 2072 1198 2129 Exauditm
1207 2086 1238 2128 es
1247 2072 1273 2127 in
1286 2070 1471 2140 tribulatione;
1482 2080 1617 2131 memsam
1628 2073 1775 2136 tribulatio·

983 2161 1027 2217 nis
1040 2168 1103 2217 tuae.
1122 2162 1273 2233 banuum
1286 2162 1428 2219 amederes
1441 2161 1475 2219 ad
1488 2178 1604 2235 aquam,
1622 2165 1688 2237 quid
1700 2165 1776 2224 solli·

983 2253 1108 2311 citudinis
1120 2254 1255 2327 gerebasi
1275 2254 1341 2326 quid
1352 2254 1514 2326 jejuniorum
1536 2255 1700 2315 exbibebasl
1712 2259 1776 2331 qnid

984 2346 1185 2403 tribulationum
1198 2344 1474 2417 incondemnatam,
1488 2346 1640 2404 orationum
1658 2348 1777 2407 intema-

983 2452 1089 2505 narum,
1111 2438 1225 2510 piarum,
1240 2435 1416 2493 devotaruml
1438 2434 1525 2493 Owsi
1544 2445 1608 2498 suut
1621 2437 1713 2497 bostes
1725 2442 1775 2509 tui,

982 2529 1072 2585 omnia
1087 2538 1196 2600 peccata
1209 2536 1254 2585 toa
1270 2528 1433 2585 deeuaunt
1450 2544 1459 2582 a
1479 2527 1515 2584 dn
1526 2529 1688 2589 tribulatione
1703 2532 1777 2588 isso·

981 2622 1045 2677 eosti
1057 2637 1106 2687 nte,
1116 2631 1141 2677 at
1153 2620 1208 2677 ersi
1218 2630 1252 2676 te.

1019 2713 1063 2770 tt.
1084 2711 1214 2769 Emsdisi
1236 2721 1261 2767 ts
1282 2710 1310 2767 in
1333 2710 1478 2767 abscondito
1508 2713 1660 2783 importatis
1683 2730 1694 2768 a
1721 2730 1776 2772 nats

981 2805 1011 2861 in
1042 2812 1203 2875 tempestate
1233 2803 1339 2872 maris,
1364 2802 1412 2860 sed
1441 2803 1469 2861 in
1497 2812 1654 2875 tempestate
1674 2806 1775 2863 cordis.

981 2894 1111 2951 Emadioi
1137 2903 1161 2950 te
1186 2893 1215 2949 iu
1244 2893 1391 2951 abscondito
1416 2894 1598 2965 tempestatiaa
1622 2898 1726 2969 psalmi
1751 2908 1777 2955 ts

982 2986 1009 3043 ira
1033 3002 1101 3057 apsa
1122 2984 1340 3043 contradictionis.
1366 2986 1470 3043 Revera
1483 3026 1503 3054 „
1521 2985 1639 3053 iratres,
1662 3004 1775 3056 resera,

981 3079 1027 3150 qui
1048 3077 1189 3134 exauditus
1207 3086 1250 3135 est
1273 3078 1300 3136 iu
1322 3076 1480 3135 abscondito
1494 3078 1678 3147 tempestatis,
1693 3078 1776 3138 debet

982 3167 1089 3239 probari
1114 3168 1144 3223 iu
1170 3182 1239 3240 aqua
1268 3165 1498 3226 contradictionis.
1522 3166 1685 3225 eumenius
1712 3183 1774 3227 ore·

981 3259 1097 3328 diderit,
1118 3272 1179 3317 cum
1193 3258 1342 3330 bapttmm
1365 3258 1466 3324 tuerit,
1489 3271 1551 3313 eum
1563 3257 1632 3313 riam
1653 3258 1774 3319 balear-

981 3365 1046 3422 perc
1057 3351 1178 3422 coeperit,
1199 3363 1261 3408 cum
1281 3352 1307 3407 ln
1321 3350 1504 3421 gemellarium
1522 3347 1635 3420 eliquari
1654 3351 1776 3411 intenda-
1860 3400 1864 3412 .

132 3451 204 3506 niam
216 3447 375 3505 delictorum
389 3441 517 3508 stimulat,
532 3446 560 3495 et
572 3436 707 3495 excruciat
719 3436 747 3490 iu
759 3442 786 3490 te
799 3432 928 3499 aninum,
980 3442 1025 3511 pir,
1037 3450 1066 3498 es
1076 3442 1110 3498 ab
1121 3456 1229 3498 amurca
1240 3440 1346 3513 pulpitae
1358 3447 1483 3497 currente
1496 3453 1526 3496 ω
1548 3443 1711 3508 alfaxarin
1724 3442 1775 3499 ba·

10 3575 14 3592 »
131 3550 159 3599 et
172 3541 237 3597 dicit
252 3538 301 3596 tibi
315 3546 369 3594 tam
385 3548 510 3607 magnum
523 3546 583 3589 esse
594 3530 660 3587 illud
674 3527 744 3601 quod
761 3524 928 3593 commisisti,

132 3639 161 3688 ut
171 3630 302 3703 desperes
323 3626 374 3683 tibi
394 3623 514 3682 dimitti:
538 3623 653 3679 timens
675 3623 812 3675 remancat
830 3614 928 3688 aliquid

132 3730 313 3797 pronuborum,
328 3721 351 3777 si
362 3718 428 3777 risit
440 3716 536 3789 aliquis
547 3710 745 3785 AEgyptiorum.
761 3708 829 3766 Cum
839 3716 929 3764 autcnr

133 3813 271 3873 transieris
283 3812 394 3869 rubrum
408 3824 492 3875 mare,
506 3821 566 3863 cum
578 3805 689 3861 eductus
703 3800 784 3857 lucris
795 3814 811 3857 a
823 3798 929 3857 delictis

133 3906 184 3962 tuis
193 3905 220 3960 in
234 3918 315 3961 manu
325 3900 426 3975 potenti
434 3908 461 3955 et
469 3896 578 3953 brachio
587 3894 650 3951 lorti
664 3890 749 3966 (Prot.
760 3906 861 3959 cxxxv,
872 3888 942 3963 ¹²)2·

135 4004 308 4071 percepturus
326 4008 357 4051 es
374 3990 500 4065 mysteria
520 4003 581 4062 que
598 4000 651 4043 non
675 3998 804 4051 noseras;
819 3982 879 4055 quia
900 3990 928 4038 et

134 4088 191 4157 ipse
213 4084 325 4156 loseph,
346 4098 403 4137 omn
425 4080 503 4135 aurat
529 4076 560 4133 de
583 4084 651 4131 terro
671 4072 792 4147 Empti,
818 4070 932 4143 dnpauna

134 4194 209 4251 ruam
219 4193 272 4233 non
288 4182 401 4242 noceat,
415 4170 520 4227 audiuit.
541 4167 641 4225 Audies
653 4165 771 4238 linguam
785 4178 863 4237 quam
878 4178 930 4219 raon

134 4284 271 4327 noseras:
292 4281 372 4339 quam
391 4260 594 4321 modoaudiunt
617 4263 644 4315 el
665 4263 868 4329 recognoscunt,
889 4262 931 4311 te-

135 4368 235 4417 stantes
247 4366 276 4414 et
291 4356 409 4413 scientes
420 4354 464 4425 qui
480 4359 588 4408 norunt.
601 4348 702 4405 Audies
711 4347 756 4403 ubi
769 4346 868 4404 debeas
882 4344 931 4400 ba-

135 4450 198 4508 bere
210 4462 259 4506 eor
272 4468 281 4504 ι
294 4444 456 4519 quodmodo
470 4456 530 4501 cum
543 4440 661 4497 dicerem
675 4480 683 4506 ,
699 4436 777 4494 multi
791 4434 931 4492 intellexe-

135 4552 208 4609 mml,
226 4549 258 4599 ct
277 4539 506 4602 acclaurarerunl;
520 4530 616 4604 reliqui
629 4530 694 4587 mitti
709 4536 850 4597 steterunt,
870 4527 931 4599 quia

135 4631 255 4689 nondum
267 4630 385 4701 linguam
399 4636 478 4698 quam
493 4638 546 4681 non
560 4630 697 4687 noverant,
709 4620 859 4677 audierunt.
876 4617 930 4674 dc·

133 4726 256 4783 caluerit
267 4737 341 4795 ergo,
354 4725 500 4783 transeant,
516 4716 619 4773 discant
636 4730 644 4778 :
660 4713 870 4785 anuompoom
880 4725 931 4766 nora

134 4823 250 4883 aarum
266 4812 373 4869 radim.

169 4908 199 4965 9.
219 4905 297 4983 [cers.
312 4902 353 4977 7.]
374 4900 466 4959 daerlit
483 4898 515 4955 ab
529 4898 645 4955 oneribus
659 4896 763 4951 dorsum
783 4896 848 4967 ejus.
867 4892 932 4963 Quis

135 5000 226 5055 coemit
236 4998 269 5054 oi
280 4994 399 5053 annisus
409 4993 512 5049 domum
524 4992 590 5063 ejus,
610 4988 662 5046 nisi
674 4987 718 5044 iile
730 4988 774 5059 qui
786 4986 911 5042 clamarit
923 5003 930 5042 :

142 5092 229 5149 Venite
250 5090 285 5147 sd
316 5105 356 5145 me
379 5102 464 5144 ciramea
488 5086 531 5158 qai
555 5083 678 5157 laboretis
702 5092 726 5139 et
750 5080 854 5165 onerati·
873 5080 933 5137 estis

136 5184 246 5258 (scats.
268 5198 316 5249 an·
331 5178 400 5253 ss)t
423 5178 483 5236 atto
496 5173 575 5235 modo
599 5176 650 5234 boc
670 5175 739 5233 idem
758 5173 931 5246 signilcatur.

135 5274 208 5349 quod
222 5272 336 5331 iaciebat
349 5271 479 5329 insecutio
488 5268 684 5343 AEgyptiorum,
699 5266 751 5323 boe
762 5266 861 5322 iaciunt
871 5278 932 5320 sar·

134 5368 204 5424 cinae
216 5372 401 5439 peccatorum.
420 5360 514 5419 Avertit
528 5362 560 5417 ol
572 5358 689 5417 omrilsta
703 5358 810 5439 doraum
819 5358 882 5429 ejus.
898 5344 933 5411 m

135 5458 211 5531 quasi
222 5457 337 5521 diceres,
349 5452 453 5523 Quibus
462 5450 604 5508 oneribasl
618 5448 712 5505 dimin
721 5450 776 5523 eiua
785 5448 813 5503 in
824 5447 933 5519 copitino

130 5550 284 5605 undasne
298 5546 351 5607 Per
363 5542 508 5616 eopbinum
523 5540 705 5615 significantur
718 5554 798 5613 opera
812 5536 931 5595 seruilia.

136 5640 274 5709 ilundare,
300 5647 457 5697 stercorare
467 5634 486 5701 ¹,
500 5642 600 5691 terram
622 5642 740 5707 portare,
755 5630 871 5705 copbino
884 5628 930 5698 nn

167 5748 669 5833 *manaimumnatansacnn
760 5762 765 5777 ·

981 3538 1056 3609 beblt
1066 3542 1164 3599 multos
1175 3540 1360 3612 exagitatores,
1373 3541 1470 3597 multos
1483 3539 1663 3608 insultatores,
1677 3538 1775 3594 multos

981 3632 1154 3700 detractores,
1167 3632 1362 3699 dehortatores,
1385 3631 1518 3689 rimantes
1539 3631 1621 3689 etiam
1643 3632 1688 3689 ubi
1709 3646 1774 3706 pos·

982 3734 1054 3793 sunt,
1074 3724 1249 3791 deterrentes,
1271 3725 1451 3796 deprimentes
1465 3741 1472 3779 ι
1485 3722 1544 3780 baro
1558 3733 1612 3781 tota
1625 3738 1694 3797 aqua
1707 3740 1775 3781 con·

982 3815 1147 3873 tradictionis
1159 3825 1212 3872 est.
1224 3814 1293 3871 Puto
1303 3815 1384 3873 bodie
1392 3828 1453 3871 esse
1463 3813 1508 3871 bic
1516 3815 1574 3884 sic;
1588 3816 1705 3874 arbitror
1713 3828 1775 3874 esse

982 3906 1028 3965 bic
1039 3907 1182 3965 nonnullos
1192 3920 1260 3978 artos
1273 3906 1353 3963 amici
1368 3905 1411 3962 sni
1425 3907 1551 3963 volebant
1561 3922 1657 3978 rapere
1675 3907 1709 3965 ad
1719 3908 1776 3965 oir-

982 4012 1055 4065 cum,
1071 4006 1100 4055 ct
1118 3995 1153 4053 ad
1167 3998 1258 4053 nescio
1271 4010 1338 4067 quas
1350 3995 1488 4053 bodicme
1504 3996 1655 4053 festivitatis
1667 4012 1776 4069 auras.-

982 4091 1051 4169 lorte
1065 4089 1116 4162 ipsi
1130 4090 1189 4145 ilios
1201 4087 1368 4144 adduxerunt
1381 4089 1416 4145 ad
1427 4088 1578 4145 ecelesiam.
1591 4088 1646 4145 Sed
1655 4089 1712 4146 sire
1723 4090 1775 4163 ipat

982 4182 1043 4239 illos
1063 4182 1249 4249 adduxerunt,
1271 4180 1329 4237 sire
1341 4180 1375 4235 ab
1392 4180 1433 4236 eis
1445 4180 1479 4236 ad
1493 4180 1593 4236 circum
1611 4177 1707 4235 abduci
1720 4196 1774 4236 non

983 4282 1135 4347 potuerunt,
1149 4275 1176 4331 in
1188 4288 1256 4346 aqua
1269 4265 1488 4330 contradictionis
1500 4272 1604 4343 probati
1622 4283 1694 4329 suot.
1714 4270 1775 4327 Nou

982 4382 1046 4439 ergo
1060 4366 1204 4424 erubescas
1223 4364 1370 4436 predicare
1386 4363 1458 4435 quod
1480 4364 1561 4429 nosti,
1579 4362 1727 4422 tuendam
1747 4373 1776 4420 ct

982 4458 1053 4515 inter
1065 4457 1236 4527 blasphemos
1256 4455 1329 4527 quod
1346 4453 1505 4512 credidisti:
1519 4452 1626 4509 sienim
1641 4453 1776 4510 exaudiris

982 4550 1009 4607 in
1021 4547 1177 4623 abscondito
1187 4545 1362 4617 tempestatis,
1373 4544 1455 4601 mede
1461 4542 1579 4600 creditur
1589 4542 1757 4614 adjustitiam
1767 4560 1775 4607 t

983 4643 1007 4700 ei
1022 4638 1141 4713 probaris
1155 4637 1183 4695 in
1198 4651 1265 4710 aqua
1285 4633 1517 4703 contradictionis,
1539 4648 1588 4691 ore
1598 4632 1733 4690 molestia
1747 4632 1778 4688 ut

983 4733 1017 4791 ad
1030 4733 1142 4790 salutem
1157 4728 1244 4803 (liom.
1257 4745 1285 4797 ι,
1300 4728 1358 4798 lb).
1368 4726 1471 4797 Quarita
1484 4734 1526 4782 est
1536 4724 1610 4781 enim
1624 4725 1681 4795 ipsa
1693 4738 1773 4795 aqua,

983 4819 1220 4880 contradictionisl
1231 4818 1287 4890 iam
1296 4817 1468 4889 perresiccata
1480 4824 1531 4872 est.
1541 4813 1690 4872 Senserunt
1701 4814 1775 4869 titan

984 4913 1099 4984 nrajtires
1113 4911 1216 4977 nostri,
1230 4908 1335 4981 quando
1347 4907 1428 4963 verbo
1444 4906 1508 4975 liei,
1523 4904 1631 4977 quando
1649 4904 1776 4977 mysterio

984 5004 1083 5063 Christi
1101 5004 1200 5059 acriter
1211 5000 1372 5058 resistebant
1384 5007 1495 5071 gentem
1519 4997 1674 5055 turbabatur
1686 5010 1772 5065 aqua·
1805 5055 1810 5062 ,

983 5112 1067 5171 aquas
1085 5095 1158 5153 enim
1178 5108 1229 5166 pro
1249 5091 1353 5164 populis
1364 5089 1508 5163 aliquando
1520 5085 1704 5158 intelligendas
1719 5086 1778 5140 eri·
1808 5090 1823 5122 ³

984 5192 1079 5249 denter
1101 5186 1276 5261 apomtypsts
1296 5187 1429 5257 scriptura
1454 5178 1687 5250 demonstracubi
1699 5195 1778 5253 notra

985 5284 1078 5343 multae
1106 5296 1168 5339 cum
1200 5279 1374 5344 riderentur,
1399 5284 1428 5333 ct
1451 5281 1615 5347 quaereretur
1635 5272 1700 5345 quid
1728 5289 1777 5330 es·

985 5385 1055 5444 seut,
1077 5386 1235 5445 responsum
1256 5379 1308 5438 cst,
1330 5366 1427 5440 Populi
1446 5374 1506 5422 sant
1524 5363 1616 5438 (Apoc.
1638 5378 1703 5433 arri,
1718 5362 1778 5435 lb).

985 5470 1157 5529 Pertulemnt
1168 5480 1232 5537 ergo
1248 5464 1286 5521 illi
1300 5476 1397 5535 aquam
1417 5456 1646 5526 contradictionis,
1668 5456 1779 5527 quando

985 5562 1154 5620 fremuerunt
1172 5566 1276 5629 rentes,
1296 5563 1324 5611 et
1344 5551 1435 5625 populi
1456 5548 1576 5606 meditati
1594 5555 1657 5604 sunt
1669 5546 1775 5614 inania3

985 5652 1093 5726 quaudo
1105 5649 1247 5707 astiterunt
1260 5657 1336 5716 reges
1347 5652 1445 5712 terra,
1459 5650 1487 5699 et
1501 5640 1633 5714 principes
1642 5650 1778 5694 consenc·

879 5752 884 5762 '
987 5754 1052 5805 mm
1064 5744 1092 5801 in
1105 5756 1198 5804 unum,
1218 5737 1345 5795 adsersus
1358 5734 1502 5792 bommm
1514 5741 1543 5791 et
1562 5724 1780 5788 adsersuscbria

1710 304 1780 361 tuit
1915 318 1918 323 ’
